2338 3691
291 128 419 194 180
851 131 927 185 M.
966 128 1213 185 TULLII
1249 129 1629 187 CICERONIS

1165 380 1314 445 XII.

803 482 957 547 ‘Son
999 492 1212 547 Romae
1251 509 1301 548 a.
1337 511 1392 546 u.
1432 509 1477 547 c.
1520 499 1636 549 708.

743 613 1002 671 CICERO
1054 616 1283 671 AMPIO
1331 615 1482 671 SAL.
1529 614 1739 671 PLUR.

216 727 245 777 1
417 712 721 782 Gratulor
772 716 919 800 tibi,
973 716 1064 781 mi
1118 715 1350 801 Balbe,
1403 737 1675 801 vereque
1731 717 2027 801 gratulor
2079 740 2204 784 nec

285 828 429 870 sum
474 809 612 870 tam
657 804 923 889 stultus,
976 808 1052 869 ut
1095 808 1161 870 te
1208 826 1405 870 usura
1447 805 1598 870 falsi
1644 805 1864 891 gaudii
1916 805 2051 871 frui
2095 830 2201 872 ve·

283 894 416 979 lim,
450 893 679 958 deinde
715 893 932 978 frangi
965 897 1232 995 repente
1270 898 1462 978 atque
1498 894 1592 958 ita
1628 893 1871 979 cadere,
1906 898 1982 959 ut
2018 896 2206 961 nulla

282 1004 386 1047 res
431 986 497 1047 te
543 981 624 1047 ad
671 983 1062 1067 aequitatem
1106 982 1308 1047 animi
1350 983 1559 1067 possit
1600 986 1829 1067 postea
1874 984 2205 1050 extollere.

282 1070 412 1157 Egi
455 1075 637 1141 tuam
683 1092 942 1136 causam
988 1071 1300 1156 apertius,
1345 1093 1540 1156 quam
1577 1092 1723 1135 mea
1766 1074 2063 1156 tempora
2112 1073 2204 1138 fe-

281 1162 539 1244 rebant3
610 1160 987 1225 vincebatur
1049 1160 1223 1224 enim
1293 1160 1559 1225 fortuna
1617 1160 1761 1244 ipsa
1824 1160 2205 1228 debilitatae

284 1250 531 1336 gratiae
575 1252 836 1314 nostrae
889 1249 987 1313 tui
1033 1250 1300 1314 caritate
1355 1252 1422 1314 et
1471 1270 1616 1314 meo
1671 1253 1984 1333 perpetuo
2043 1272 2207 1337 erga

281 1343 348 1404 te
412 1360 630 1404 amore
694 1339 868 1403 culto
916 1360 955 1403 a
1006 1340 1073 1402 te
1137 1337 1646 1424 diligentissime.
1753 1336 1987 1403 Omnia
2050 1361 2205 1423 pro-

282 1428 482 1493 missa
527 1428 907 1494 confirmata
952 1429 1129 1491 certa
1175 1429 1241 1491 et
1282 1429 1427 1491 rata
1471 1429 1650 1510 sunt,
1695 1448 1857 1510 quae
1904 1427 1985 1492 ad
2033 1429 2203 1494 redi-

283 1520 425 1582 tum
469 1519 536 1581 et
580 1517 661 1581 ad
715 1516 991 1580 salutem
1042 1519 1225 1580 tuam
1279 1515 1630 1599 pertinent.
1685 1515 1843 1600 vidi,
1899 1519 2204 1601 cognovi,

213 1619 245 1667 2
281 1605 574 1688 interfui3
619 1605 859 1670 etenim
896 1626 1120 1671 omnes
1157 1601 1450 1669 Caesaris
1486 1604 1835 1669 familiares
1883 1605 2043 1670 satis
2083 1628 2201 1691 op-

281 1698 559 1778 portune
603 1692 812 1758 habeo
866 1693 1234 1778 implicatos
1280 1692 1744 1758 consuetudine
1800 1696 1865 1757 et
1917 1693 2201 1760 benevo-

282 1782 484 1847 lentia
521 1782 629 1867 sic,
663 1784 755 1867 ut,
793 1802 992 1865 quum
1029 1783 1110 1848 ab
1146 1782 1260 1848 illo
1300 1781 1728 1866 discesserint,
1770 1803 1873 1847 me
1907 1782 2202 1849 habeant

280 1871 662 1954 proximum.
749 1869 895 1936 Hoc
954 1871 1197 1956 Pansa,
1256 1870 1536 1955 Hirtiae,
1598 1870 1868 1956 Balbus,
1927 1870 2200 1957 Oppius,

280 1958 549 2043 Matius,
600 1959 947 2025 Postumus
1009 1962 1203 2044 plane
1247 1960 1342 2025 ita
1383 1960 1659 2044 faciunt,
1720 1963 1797 2024 ut
1847 1982 1951 2024 me
2003 1962 2199 2027 unice

185 2101 193 2108 .
282 2048 583 2133 diligant:
638 2048 811 2133 quod
857 2049 912 2113 si
955 2049 1118 2114 mihi
1161 2070 1278 2134 per
1328 2070 1433 2113 me
1479 2048 1892 2113 efficiundum
1945 2048 2201 2134 fuisset,

279 2158 417 2203 non
461 2159 563 2201 me
608 2137 972 2222 poeniteret
1021 2159 1141 2221 pro
1196 2137 1451 2202 ratione
1503 2140 1869 2221 temporum
1912 2138 2006 2202 ita
2053 2159 2199 2204 esse

281 2226 604 2310 molitum3
667 2226 780 2291 sed
833 2226 999 2290 nihil
1062 2229 1162 2290 est
1215 2249 1255 2290 a
1299 2247 1401 2291 me
1455 2227 1836 2291 inservitum
1878 2229 2198 2311 temporis

270 2336 494 2400 causa,
536 2318 785 2385 veteres
828 2315 990 2380 mihi
1033 2314 1538 2380 necessitudines
1585 2336 1730 2379 cum
1773 2315 1854 2379 iis
1890 2315 2199 2381 omnibns

278 2403 705 2488 intercedunt,
749 2403 1131 2488 quibuscum
1177 2424 1298 2489 ego
1346 2424 1536 2488 agere
1564 2402 1643 2468 de
1680 2407 1746 2468 te
1780 2424 1917 2468 non
1954 2403 2198 2470 destiti.

278 2490 645 2577 Principem
687 2496 910 2557 tamen
943 2491 1289 2557 habuimus
1324 2490 1623 2577 Pansam,
1663 2492 1765 2556 tui
1800 2492 2198 2558 studiosissi-

278 2602 484 2665 mum,
536 2581 665 2646 mei
727 2580 1054 2665 cupidum,
1117 2581 1228 2664 qui
1279 2581 1524 2645 valeret
1576 2579 1749 2664 apud
1810 2581 1994 2645 illum
2055 2603 2199 2647 non

278 2670 494 2735 minus
541 2670 924 2735 auctoritate
971 2690 1164 2753 quam
1211 2669 1439 2754 gratia.
1512 2666 1770 2734 Cimber
1808 2673 2027 2734 autem
2064 2669 2197 2734 Til·

277 2759 404 2825 lius
458 2757 620 2824 mihi
670 2758 863 2843 plane
919 2757 1258 2841 satisfecit3
1311 2758 1531 2822 valent
1583 2758 1757 2822 enim
1809 2758 1981 2842 apud
2037 2755 2197 2823 Cae·

279 2869 491 2913 sarem
534 2865 672 2912 non
716 2850 854 2913 tam
899 2845 1279 2911 ambitiosae
1314 2846 1689 2932 rogationes
1735 2867 1927 2930 quam
1972 2867 2196 2913 neees-

278 2937 504 3020 sariae,
539 2957 734 3020 quam
771 2935 922 3020 quia
949 2932 1206 3000 Cimber
1231 2934 1531 3019 habebat,
1565 2935 1711 3020 plus
1739 2935 1960 3018 valuit,
1996 2957 2195 3020 quam

211 3043 244 3094 8
277 3046 398 3109 pro
442 3025 577 3090 ullo
624 3024 753 3090 alio
799 3024 1010 3089 valere
1046 3023 1384 3108 potuisset.
1454 3022 1762 3108 Diploma
1797 3024 2020 3089 statim
2055 3046 2195 3090 non

419 3197 523 3267 Ep.
565 3204 647 3266 12,
680 3205 728 3252 1.
799 3199 1123 3266 confirmata
1157 3203 1306 3253 certa
1343 3198 1493 3266 (Wn)
1567 3214 1630 3265 c.,
1658 3214 1702 3253 8.
1731 3198 1918 3270 vulgo.
1994 3204 2044 3252 2.
2086 3199 2194 3253 Ρο-

278 3271 490 3322 stamus
527 3267 638 3333 (Or.
678 3268 1002 3339 onomast).
1079 3269 1397 3323 Postumius
1432 3269 1528 3334 Μ.,
1562 3269 1751 3339 vulgo,
1798 3299 1866 3309 —
1911 3270 1987 3325 118
2020 3270 2194 3324 omni-

279 3337 382 3391 bus
428 3336 577 3403 (Wn)
658 3337 746 3391 1118
788 3353 836 3392 ο.
881 3339 983 3406 Μ.,
1030 3340 1221 3409 vulgo,
1267 3369 1338 3380 —
1382 3340 1586 3407 qratia.
1662 3339 1924 3395 Cimber.
1983 3343 2191 3396 .8at‡'s·

278 3406 438 3474 fecit,·
488 3406 673 3459 valent
724 3408 866 3460 enim
915 3410 1069 3477 apud
1122 3409 1203 3476 (L.
1257 3413 1432 3478 1584).
1530 3426 1615 3478 9.,·
1662 3410 1774 3465 0..
1806 3412 1993 3466 .sat··s
2043 3413 2192 3478 fecit.

292 3474 488 3529 Valent
505 3480 685 3529 tamen
711 3478 864 3544 apud
880 3478 972 3545 M„
993 3478 1055 3532 B.
1085 3509 1152 3518 —-
1182 3496 1347 3548 quam
1363 3480 1498 3548 quia
1518 3481 1651 3550 (Mn)
1716 3450 1854 3550 quas
1871 3483 2016 3551 quia
2022 3482 2114 3550 N.‚
2127 3481 2190 3535 Β.
