2338 3691
535 154 1053 211 EPISTOLARUM
1081 153 1180 209 AD
1212 149 1276 219 Q.
1312 138 1675 211 FRATREM
1698 157 1738 211 1.
1770 163 1817 211 2.
2008 157 2139 221 579

209 322 372 365 sane
417 304 615 386 esset,
669 301 840 386 quod
896 322 1018 366 nos
1062 300 1445 385 poeniteret.
1535 299 1625 365 Et
1676 300 1978 366 mediocri
2033 323 2136 366 me

212 389 437 455 dolore
475 392 668 474 putas
714 389 903 473 affici,
948 411 1145 474 quum
1193 387 1475 490 audiam,
1514 410 1643 473 qua
1687 389 1771 453 sit
1816 389 2132 454 existima-

211 479 394 543 tione
441 475 511 543 Ο.
557 476 923 563 Vergilius,
968 499 1096 561 qua
1147 481 1299 542 tuus
1353 478 1604 542 vicinus
1660 474 1728 543 O.
1785 475 2132 542 Octavius?

213 588 396 651 nam,
459 566 514 631 si
577 570 643 630 te
705 566 1119 631 interioribus
1183 565 1412 630 vicinis
1456 566 1614 649 tuis,
1678 562 2002 631 Ciliciensi
2065 570 2131 630 et

214 652 500 739 SyriacO,
544 655 906 739 anteponis,
949 654 1133 719 valde
1180 654 1403 739 magni
1446 653 1633 718 facis!
1681 657 1874 737 atque
1916 654 1974 718 is
2020 653 2130 719 do·

213 744 317 808 lor
352 746 468 826 est,
500 742 704 827 quod,
738 764 936 827 quum
970 743 1037 826 ii,
1074 763 1234 826 quos
1270 741 1618 826 nominavi,
1652 744 1719 808 te
1758 742 2131 807 innocentia

215 853 354 897 non
397 831 689 915 vincant,
745 832 1016 897 vincunt
1058 834 1279 896 tamen
1326 830 1594 895 artificio
1641 830 2128 896 benevolentiae

216 920 643 1005 colligendae,
696 920 807 1004 qui
864 940 1072 1003 neque
1119 916 1358 1003 Cyrum
1411 918 1867 1003 Xenophontis
1902 940 2128 1021 neque

216 1007 596 1094 Agesilaum
645 1008 963 1091 noverint,
1016 1028 1289 1091 quorum
1324 1027 1552 1092 regum
1598 1028 1847 1072 summo
1895 1007 1967 1071 in
2011 1007 2127 1072 im-

217 1096 396 1182 perio
432 1118 623 1161 nemo
659 1117 965 1197 umquam
999 1095 1267 1162 verbum
1303 1095 1507 1161 ullum
1545 1096 1833 1197 asperius
1867 1095 2127 1160 audivit.

352 1183 495 1270 Sed,
536 1185 698 1250 haec
743 1206 784 1249 a
826 1184 1141 1287 principio
1188 1184 1309 1250 tibi
1360 1184 1759 1269 praecipiens
1813 1181 2198 1286 quantum3

216 1273 625 1360 profecerim,
668 1294 804 1339 non
856 1274 1113 1358 ignoro:
1167 1292 1343 1340 nunc
1394 1276 1615 1337 tamen
1669 1271 2008 1356 decedens,
2061 1247 2197 1336 id⁸

218 1362 390 1446 quod
417 1362 623 1427 mihi
604 1384 734 1427 iam
761 1361 972 1426 facere
1009 1361 1263 1445 videris,
1298 1361 1607 1445 relinque,
1644 1382 1901 1447 quaeso,
1935 1381 2131 1445 quam

215 1451 745 1516 iucundissimam
798 1450 1173 1515 memoriam
1227 1450 1341 1515 tui.
1431 1448 1875 1515 Successorem
1927 1448 2129 1514 habes

215 1540 669 1624 perblandum3
723 1542 935 1604 cetera
978 1539 1162 1604 valde
1208 1538 1382 1604 illius
1429 1538 1709 1604 adventu
1762 1542 1879 1602 tua
1922 1538 2129 1621 requi-

215 1632 456 1693 rentur.
526 1626 610 1693 In
651 1627 884 1692 litteris
928 1627 1279 1709 mittendis,
1321 1631 1394 1691 ut
1428 1648 1617 1711 saepe
1664 1626 1745 1691 ad
1781 1629 1847 1690 te
1886 1626 2131 1710 scripsi,

216 1717 488 1781 nimium
531 1719 597 1781 te
653 1715 1041 1781 exorabilem
1093 1715 1471 1805 praebuisti.
1535 1714 1691 1780 tolle
1760 1735 2011 1797 omme,
2075 1716 2131 1779 si

214 1808 422 1890 poteS,
456 1804 731 1890 iniquas,
764 1804 920 1870 tolle
957 1799 1318 1889 inusitataS,
1353 1804 1510 1870 tolle
1540 1804 1914 1870 contrarias.
1988 1766 2128 1869 'Sta-

216 1895 347 1959 tius
392 1894 552 1959 mihi
605 1894 894 1959 narravit
949 1894 1221 1977 scriptas
1267 1893 1348 1958 ad
1392 1896 1459 1958 te
1507 1894 1710 1958 solere
1756 1892 1999 1977 afferri,
2046 1893 2127 1957 ab

219 2004 285 2047 se
329 1983 461 2067 legi
507 1985 589 2067 et,
635 1983 690 2047 si
733 1982 993 2067 iniquae
1041 1984 1273 2066 essent,
1317 1981 1457 2047 fieri
1501 1985 1566 2045 te
1608 1982 1971 2064 certiorem3
2017 2003 2129 2045 an·

218 2074 478 2155 tequam
519 2092 672 2136 vcro
717 2071 854 2155 ipse
900 2069 981 2134 ad
1026 2074 1092 2134 te
1146 2071 1454 2153 venisset,
1507 2071 1757 2135 nullum
1813 2071 2130 2135 delectum

218 2159 579 2223 litterarum
629 2158 856 2242 fuisse3
911 2180 989 2224 ex
1042 2180 1116 2224 eo
1174 2180 1346 2225 esse,
1365 2160 1697 2224 volumina
1752 2159 2129 2223 selectarum

222 2246 657 2331 epistolarum,
701 2267 861 2330 quae
905 2247 1290 2331 reprehendi
1334 2249 1631 2313 solerent.
1703 2245 1848 2310 Hoc
1893 2245 1971 2310 de
2018 2266 2122 2330 ge·
2155 2263 2181 2303 ⁹

218 2355 372 2399 nere
417 2334 582 2399 nihil
624 2339 690 2399 te
735 2357 907 2401 nunc
953 2336 1210 2420 quidem
1247 2356 1480 2400 moneo
1508 2370 1591 2382 —-
1623 2355 1764 2399 sero
1812 2336 1912 2398 est
1957 2333 2129 2398 enim

217 2459 302 2471 -
333 2444 409 2488 ac
433 2423 614 2488 scire
658 2427 843 2508 potes
887 2425 1094 2490 multa
1136 2445 1240 2489 me
1277 2424 1451 2488 varie
1493 2422 1956 2508 diligenterque
1994 2443 2129 2487 mo-

216 2512 460 2578 nuisse:
532 2512 690 2576 illud
751 2515 1000 2596 tamen,
1072 2511 1244 2597 quod
1316 2511 1737 2596 Theopompo
1808 2509 2129 2594 mandavi,

217 2623 413 2685 quum
459 2622 666 2665 essem
711 2600 1077 2666 admonitus
1124 2601 1208 2664 ab
1252 2600 1414 2684 ipso,
1459 2600 1631 2684 vide,
1674 2621 1790 2684 per
1832 2599 2128 2664 homines

216 2693 507 2755 amantes
560 2690 685 2772 tui,
748 2688 920 2773 quod
975 2693 1077 2753 est
1124 2687 1341 2772 facile,
1395 2690 1469 2753 ut
1522 2688 1681 2753 haec
1726 2708 1964 2772 genera
2006 2687 2127 2751 tol-

215 2778 433 2842 lantur
479 2777 916 2862 epistolarum,
960 2777 1241 2861 primum
1274 2777 1659 2861 iniquarum,
1704 2775 1932 2840 deinde
1980 2795 2128 2839 con-

210 2867 555 2931 trariarum
569 2916 587 2950 ,
658 2868 800 2930 tum
873 2865 1146 2930 absurde
1221 2867 1288 2928 et
1347 2865 1653 2929 inusitate
1729 2863 2138 2948 scriptarum,

214 2958 540 3040 postremo
585 2954 658 3018 in
702 2954 980 3038 aliquem
1026 2954 1651 3018 contumeliosamm.
1742 2950 1958 3036 Atque
2005 2972 2126 3037 ego

214 3043 374 3108 haec
417 3047 553 3107 tam
600 3063 757 3126 esse,
804 3063 996 3126 quam
1042 3042 1262 3125 audio,
1313 3063 1449 3107 non
1492 3043 1679 3125 puto,
1725 3042 1817 3125 et,
1876 3039 1932 3105 si
1975 3042 2130 3105 sunt

352 3217 457 3288 Ep.
496 3224 556 3287 2,
595 3225 642 3273 7.
707 3218 1021 3287 poeniteret.
1095 3216 1205 3274 Sed
1254 3217 1425 3287 (W.)‘?
1481 3245 1547 3258 --
1606 3216 1774 3271 audio
1811 3214 2020 3283 (Ern.)?
2058 3243 2125 3255 ‹—

214 3289 274 3344 0.
323 3260 598 3358 Vergilius
633 3287 785 3360 (On.)
871 3287 1027 3358 Very.
1063 3288 1137 3342 M.
1144 3288 1372 3357 ,.vulgo
1412 3315 1482 3326 —-
1517 3287 1706 3354 mayni
1738 3286 1880 3350 facis
1913 3284 2122 3367 (RW).

211 3377 302 3415 ma
302 3361 518 3431 ynifim's
552 3360 627 3415 M.
700 3375 958 3428 maynam
981 3360 1123 3425 facis
1144 3330 1427 3427 '1.‚vu1go.
1467 3385 1533 3397 -
1572 3370 1776 3410 summo
1810 3355 1875 3407 in
1901 3354 2127 3420 imperio

212 3376 338 3572 (LW)..
407 3432 495 3486 An
530 3431 595 3487 in
637 3447 680 3486 s.
717 3433 757 3485 i.
804 3429 1030 3500 (Crat.)‘?
1119 3444 1161 3484 s.
1197 3401 1330 3497 'imp
1369 3425 1497 3481 ΜΒ.
1587 3430 1635 3479 8
1690 3424 1915 3492 iniquae
1960 3424 2128 3476 essent

236 3501 362 3573 W)
436 3505 473 3557 i
512 3503 626 3557 sint
661 3502 756 3571 M„
793 3500 981 3569 vulg0.

1592 3582 1700 3631 37*

2187 3576 2251 3610 Δ
