<?xml version="1.0" encoding="UTF-8"?>
<!DOCTYPE html PUBLIC "-//W3C//DTD XHTML 1.0 Transitional//EN"
    "http://www.w3.org/TR/xhtml1/DTD/xhtml1-transitional.dtd">
<html xmlns="http://www.w3.org/1999/xhtml" xml:lang="en" lang="en">
 <head>
  <title>
</title>
<meta http-equiv="Content-Type" content="text/html;charset=utf-8" />
  <meta name='ocr-system' content='tesseract 3.04.00' />
  <meta name='ocr-capabilities' content='ocr_page ocr_carea ocr_par ocr_line ocrx_word'/>
</head>
<body>
  <div class='ocr_page' id='page_1' title='image "./scriptaquaemans02wesegoog_0610.png"; bbox 0 0 2338 3691; ppageno 0'>
   <div class='ocr_carea' id='block_1_1' title="bbox 277 83 1625 192">
    <p class='ocr_par' dir='ltr' id='par_1_1' title="bbox 277 83 1625 192">
     <span class='ocr_line' id='line_1_1' title="bbox 277 83 1625 192; baseline -0.008 0"><span class='ocrx_word' id='word_1_1' title='bbox 277 123 412 192; x_wconf 77' lang='grc'>592</span> <span class='ocrx_word' id='word_1_2' title='bbox 847 83 939 182; x_wconf 55' lang='grc' dir='ltr'>Μ.</span> <span class='ocrx_word' id='word_1_3' title='bbox 960 125 1207 182; x_wconf 82' lang='lat' dir='ltr'>TULLII</span> <span class='ocrx_word' id='word_1_4' title='bbox 1243 125 1625 182; x_wconf 74' lang='lat' dir='ltr'>CICERONIS</span> 
     </span>
    </p>
   </div>
   <div class='ocr_carea' id='block_1_2' title="bbox 222 270 2164 798">
    <p class='ocr_par' dir='ltr' id='par_1_2' title="bbox 222 270 2164 798">
     <span class='ocr_line' id='line_1_2' title="bbox 279 270 2162 357; baseline -0.003 -20"><span class='ocrx_word' id='word_1_5' title='bbox 279 272 510 356; x_wconf 91' lang='lat' dir='ltr'>inquit,</span> <span class='ocrx_word' id='word_1_6' title='bbox 554 293 668 354; x_wconf 90' lang='lat' dir='ltr'>„ex</span> <span class='ocrx_word' id='word_1_7' title='bbox 703 270 1146 336; x_wconf 72' lang='lat' dir='ltr'>taciturnitate</span> <span class='ocrx_word' id='word_1_8' title='bbox 1183 274 1426 355; x_wconf 90' lang='lat' dir='ltr'>nostra,</span> <span class='ocrx_word' id='word_1_9' title='bbox 1471 270 1671 357; x_wconf 84' lang='lat' dir='ltr'><strong>Lupe,</strong></span> <span class='ocrx_word' id='word_1_10' title='bbox 1708 271 1865 355; x_wconf 92' lang='lat' dir='ltr'>quid</span> <span class='ocrx_word' id='word_1_11' title='bbox 1904 272 2015 334; x_wconf 90' lang='lat' dir='ltr'>aut</span> <span class='ocrx_word' id='word_1_12' title='bbox 2044 288 2162 352; x_wconf 89' lang='lat' dir='ltr'>pro·</span> 
     </span>
     <span class='ocr_line' id='line_1_3' title="bbox 279 359 2164 444; baseline -0.003 -19"><span class='ocrx_word' id='word_1_13' title='bbox 279 360 505 425; x_wconf 92' lang='lat' dir='ltr'>bemus</span> <span class='ocrx_word' id='word_1_14' title='bbox 549 359 674 425; x_wconf 91' lang='lat' dir='ltr'>hoc</span> <span class='ocrx_word' id='word_1_15' title='bbox 717 361 1007 442; x_wconf 89' lang='lat' dir='ltr'>tempore</span> <span class='ocrx_word' id='word_1_16' title='bbox 1053 363 1168 425; x_wconf 93' lang='lat' dir='ltr'>aut</span> <span class='ocrx_word' id='word_1_17' title='bbox 1201 359 1656 444; x_wconf 91' lang='lat' dir='ltr'>improbemus,</span> <span class='ocrx_word' id='word_1_18' title='bbox 1699 359 2005 424; x_wconf 87' lang='lat' dir='ltr'>iudicare:</span> <span class='ocrx_word' id='word_1_19' title='bbox 2049 377 2164 441; x_wconf 87' lang='lat' dir='ltr'>ego,</span> 
     </span>
     <span class='ocr_line' id='line_1_4' title="bbox 280 444 2163 531; baseline -0.003 -18"><span class='ocrx_word' id='word_1_20' title='bbox 280 447 452 531; x_wconf 92' lang='lat' dir='ltr'>quod</span> <span class='ocrx_word' id='word_1_21' title='bbox 506 447 589 511; x_wconf 88' lang='lat' dir='ltr'>ad</span> <span class='ocrx_word' id='word_1_22' title='bbox 632 467 734 511; x_wconf 94' lang='lat' dir='ltr'>me</span> <span class='ocrx_word' id='word_1_23' title='bbox 789 448 1024 512; x_wconf 81' lang='lat' dir='ltr'>attinet</span> <span class='ocrx_word' id='word_1_24' title='bbox 1068 447 1377 531; x_wconf 82' lang='lat' dir='ltr'>itemque,</span> <span class='ocrx_word' id='word_1_25' title='bbox 1422 448 1726 531; x_wconf 82' lang='lat' dir='ltr'>arbitror,</span> <span class='ocrx_word' id='word_1_26' title='bbox 1781 451 2053 529; x_wconf 87' lang='lat' dir='ltr'>ceteros,</span> <span class='ocrx_word' id='word_1_27' title='bbox 2090 444 2163 508; x_wconf 85' lang='lat' dir='ltr'>id-</span> 
     </span>
     <span class='ocr_line' id='line_1_5' title="bbox 281 534 2163 620; baseline -0.002 -20"><span class='ocrx_word' id='word_1_28' title='bbox 281 536 449 600; x_wconf 91' lang='lat' dir='ltr'>circo</span> <span class='ocrx_word' id='word_1_29' title='bbox 504 539 714 618; x_wconf 90' lang='lat' dir='ltr'>taceo,</span> <span class='ocrx_word' id='word_1_30' title='bbox 778 535 949 619; x_wconf 92' lang='lat' dir='ltr'>quod</span> <span class='ocrx_word' id='word_1_31' title='bbox 1012 558 1148 601; x_wconf 91' lang='lat' dir='ltr'>non</span> <span class='ocrx_word' id='word_1_32' title='bbox 1211 536 1531 620; x_wconf 88' lang='lat' dir='ltr'>existimo,</span> <span class='ocrx_word' id='word_1_33' title='bbox 1584 557 1784 620; x_wconf 91' lang='lat' dir='ltr'>quum</span> <span class='ocrx_word' id='word_1_34' title='bbox 1849 534 2163 618; x_wconf 83' lang='lat' dir='ltr'>Pompeius</span> 
     </span>
     <span class='ocr_line' id='line_1_6' title="bbox 279 622 2163 710; baseline -0.001 -23"><span class='ocrx_word' id='word_1_35' title='bbox 279 623 469 705; x_wconf 84' lang='lat' dir='ltr'>absit,</span> <span class='ocrx_word' id='word_1_36' title='bbox 514 644 774 688; x_wconf 88' lang='lat' dir='ltr'>causam</span> <span class='ocrx_word' id='word_1_37' title='bbox 820 623 962 708; x_wconf 88' lang='lat' dir='ltr'>agri</span> <span class='ocrx_word' id='word_1_38' title='bbox 1007 622 1323 708; x_wconf 85' lang='lat' dir='ltr'>Campani</span> <span class='ocrx_word' id='word_1_39' title='bbox 1378 624 1485 710; x_wconf 86' lang='lat' dir='ltr'>agi</span> <span class='ocrx_word' id='word_1_40' title='bbox 1542 622 1946 689; x_wconf 85' lang='lat' dir='ltr'>convenire.“</span> <span class='ocrx_word' id='word_1_41' title='bbox 2031 628 2163 686; x_wconf 85' lang='lat' dir='ltr'>Tum</span> 
     </span>
     <span class='ocr_line' id='line_1_7' title="bbox 222 710 2164 798; baseline -0.001 -24"><span class='ocrx_word' id='word_1_42' title='bbox 222 726 252 767; x_wconf 73' lang='lat'>⁸</span> <span class='ocrx_word' id='word_1_43' title='bbox 278 710 386 775; x_wconf 88' lang='lat' dir='ltr'>ille</span> <span class='ocrx_word' id='word_1_44' title='bbox 442 732 510 775; x_wconf 90' lang='lat' dir='ltr'>se</span> <span class='ocrx_word' id='word_1_45' title='bbox 567 714 862 776; x_wconf 87' lang='lat' dir='ltr'>senatum</span> <span class='ocrx_word' id='word_1_46' title='bbox 916 713 1182 798; x_wconf 80' lang='lat' dir='ltr'>negavit</span> <span class='ocrx_word' id='word_1_47' title='bbox 1232 716 1471 777; x_wconf 89' lang='lat' dir='ltr'>tenere.</span> <span class='ocrx_word' id='word_1_48' title='bbox 1569 711 1860 777; x_wconf 81' lang='lat' dir='ltr'>Racilius</span> <span class='ocrx_word' id='word_1_49' title='bbox 1922 710 2164 777; x_wconf 85' lang='lat' dir='ltr'>surrexit</span> 
     </span>
    </p>
   </div>
   <div class='ocr_carea' id='block_1_3' title="bbox 278 798 2276 886">
    <p class='ocr_par' dir='ltr' id='par_1_3' title="bbox 278 798 2276 886">
     <span class='ocr_line' id='line_1_8' title="bbox 278 798 2276 886; baseline -0.001 -23"><span class='ocrx_word' id='word_1_50' title='bbox 278 803 344 863; x_wconf 91' lang='lat' dir='ltr'>et</span> <span class='ocrx_word' id='word_1_51' title='bbox 399 798 475 864; x_wconf 88' lang='lat' dir='ltr'>de</span> <span class='ocrx_word' id='word_1_52' title='bbox 531 799 782 864; x_wconf 89' lang='lat' dir='ltr'>iudiciis</span> <span class='ocrx_word' id='word_1_53' title='bbox 836 800 1073 865; x_wconf 90' lang='lat' dir='ltr'>referre</span> <span class='ocrx_word' id='word_1_54' title='bbox 1126 801 1365 886; x_wconf 81' lang='lat' dir='ltr'>coepit3</span> <span class='ocrx_word' id='word_1_55' title='bbox 1426 799 1878 865; x_wconf 91' lang='lat' dir='ltr'>Marcellinum</span> <span class='ocrx_word' id='word_1_56' title='bbox 1938 800 2162 884; x_wconf 87' lang='lat' dir='ltr'>quidem</span> <span class='ocrx_word' id='word_1_57' title='bbox 2275 847 2276 854; x_wconf 16' lang='grc' dir='ltr'><strong>κ</strong></span> 
     </span>
    </p>
   </div>
   <div class='ocr_carea' id='block_1_4' title="bbox 276 886 2162 1061">
    <p class='ocr_par' dir='ltr' id='par_1_4' title="bbox 276 886 2162 1061">
     <span class='ocr_line' id='line_1_9' title="bbox 277 886 2162 975; baseline -0.001 -24"><span class='ocrx_word' id='word_1_58' title='bbox 277 887 557 972; x_wconf 90' lang='lat' dir='ltr'>primum</span> <span class='ocrx_word' id='word_1_59' title='bbox 602 888 882 973; x_wconf 84' lang='lat' dir='ltr'>rogavit:</span> <span class='ocrx_word' id='word_1_60' title='bbox 927 889 985 953; x_wconf 91' lang='lat' dir='ltr'>is</span> <span class='ocrx_word' id='word_1_61' title='bbox 1031 910 1230 973; x_wconf 92' lang='lat' dir='ltr'>quum</span> <span class='ocrx_word' id='word_1_62' title='bbox 1275 889 1557 975; x_wconf 81' lang='lat' dir='ltr'>graviter</span> <span class='ocrx_word' id='word_1_63' title='bbox 1603 888 1681 955; x_wconf 90' lang='lat' dir='ltr'>de</span> <span class='ocrx_word' id='word_1_64' title='bbox 1718 886 2047 955; x_wconf 85' lang='lat' dir='ltr'>Clodianis</span> <span class='ocrx_word' id='word_1_65' title='bbox 2086 888 2162 950; x_wconf 92' lang='lat' dir='ltr'>in-</span> 
     </span>
     <span class='ocr_line' id='line_1_10' title="bbox 276 975 2162 1061; baseline -0.001 -21"><span class='ocrx_word' id='word_1_66' title='bbox 276 975 539 1059; x_wconf 76' lang='lat' dir='ltr'>cendiiS,</span> <span class='ocrx_word' id='word_1_67' title='bbox 573 975 1129 1060; x_wconf 79' lang='lat' dir='ltr'>trucidationibuS,</span> <span class='ocrx_word' id='word_1_68' title='bbox 1163 976 1668 1061; x_wconf 83' lang='lat' dir='ltr'>lapidationibus</span> <span class='ocrx_word' id='word_1_69' title='bbox 1708 981 1978 1061; x_wconf 91' lang='lat' dir='ltr'>questus</span> <span class='ocrx_word' id='word_1_70' title='bbox 2005 979 2162 1058; x_wconf 85' lang='lat' dir='ltr'>esset,</span> 
     </span>
    </p>
   </div>
   <div class='ocr_carea' id='block_1_5' title="bbox 274 1064 2276 1236">
    <p class='ocr_par' dir='ltr' id='par_1_5' title="bbox 274 1064 2276 1236">
     <span class='ocr_line' id='line_1_11' title="bbox 274 1064 2276 1150; baseline -0 -22"><span class='ocrx_word' id='word_1_71' title='bbox 274 1065 665 1129; x_wconf 83' lang='lat' dir='ltr'>sententiam</span> <span class='ocrx_word' id='word_1_72' title='bbox 711 1064 889 1149; x_wconf 84' lang='lat' dir='ltr'>dixit,</span> <span class='ocrx_word' id='word_1_73' title='bbox 932 1069 1008 1130; x_wconf 91' lang='lat' dir='ltr'>ut</span> <span class='ocrx_word' id='word_1_74' title='bbox 1049 1066 1187 1148; x_wconf 89' lang='lat' dir='ltr'>ipse</span> <span class='ocrx_word' id='word_1_75' title='bbox 1231 1065 1473 1130; x_wconf 90' lang='lat' dir='ltr'>iudices</span> <span class='ocrx_word' id='word_1_76' title='bbox 1518 1087 1633 1150; x_wconf 89' lang='lat' dir='ltr'>per</span> <span class='ocrx_word' id='word_1_77' title='bbox 1676 1070 2040 1149; x_wconf 88' lang='lat' dir='ltr'>praetorem</span> <span class='ocrx_word' id='word_1_78' title='bbox 2080 1086 2163 1128; x_wconf 89' lang='lat' dir='ltr'>ur·</span> <span class='ocrx_word' id='word_1_79' title='bbox 2275 1121 2276 1142; x_wconf 19' lang='grc' dir='ltr'>ζ</span> 
     </span>
     <span class='ocr_line' id='line_1_12' title="bbox 276 1152 2276 1236; baseline -0.001 -19"><span class='ocrx_word' id='word_1_80' title='bbox 276 1153 519 1218; x_wconf 90' lang='lat' dir='ltr'>banum</span> <span class='ocrx_word' id='word_1_81' title='bbox 566 1154 929 1236; x_wconf 91' lang='lat' dir='ltr'>sortiretur,</span> <span class='ocrx_word' id='word_1_82' title='bbox 981 1153 1264 1218; x_wconf 91' lang='lat' dir='ltr'>iudicum</span> <span class='ocrx_word' id='word_1_83' title='bbox 1310 1155 1646 1219; x_wconf 87' lang='lat' dir='ltr'>sortitione</span> <span class='ocrx_word' id='word_1_84' title='bbox 1704 1154 1889 1219; x_wconf 85' lang='lat' dir='ltr'>facta</span> <span class='ocrx_word' id='word_1_85' title='bbox 1932 1152 2163 1219; x_wconf 85' lang='lat' dir='ltr'>comitia</span> <span class='ocrx_word' id='word_1_86' title='bbox 2275 1167 2276 1188; x_wconf 78' lang='lat'>³</span> 
     </span>
    </p>
   </div>
   <div class='ocr_carea' id='block_1_6' title="bbox 273 1241 2162 1326">
    <p class='ocr_par' dir='ltr' id='par_1_6' title="bbox 273 1241 2162 1326">
     <span class='ocr_line' id='line_1_13' title="bbox 273 1241 2162 1326; baseline -0.001 -21"><span class='ocrx_word' id='word_1_87' title='bbox 273 1241 694 1324; x_wconf 80' lang='lat' dir='ltr'>haberentur3</span> <span class='ocrx_word' id='word_1_88' title='bbox 739 1242 849 1325; x_wconf 91' lang='lat' dir='ltr'>qui</span> <span class='ocrx_word' id='word_1_89' title='bbox 893 1241 1127 1306; x_wconf 88' lang='lat' dir='ltr'>iudicia</span> <span class='ocrx_word' id='word_1_90' title='bbox 1160 1242 1553 1326; x_wconf 88' lang='lat' dir='ltr'>impedisset,</span> <span class='ocrx_word' id='word_1_91' title='bbox 1597 1264 1743 1307; x_wconf 91' lang='lat' dir='ltr'>eum</span> <span class='ocrx_word' id='word_1_92' title='bbox 1781 1247 2012 1309; x_wconf 88' lang='lat' dir='ltr'>contra</span> <span class='ocrx_word' id='word_1_93' title='bbox 2051 1262 2162 1306; x_wconf 88' lang='lat' dir='ltr'>rem</span> 
     </span>
    </p>
   </div>
   <div class='ocr_carea' id='block_1_7' title="bbox 275 1330 2276 1416">
    <p class='ocr_par' dir='ltr' id='par_1_7' title="bbox 275 1330 2276 1416">
     <span class='ocr_line' id='line_1_14' title="bbox 275 1330 2276 1416; baseline 0.002 -21"><span class='ocrx_word' id='word_1_94' title='bbox 275 1330 602 1414; x_wconf 82' lang='lat' dir='ltr'>publicam</span> <span class='ocrx_word' id='word_1_95' title='bbox 646 1351 783 1395; x_wconf 87' lang='lat' dir='ltr'>esse</span> <span class='ocrx_word' id='word_1_96' title='bbox 828 1330 1169 1395; x_wconf 89' lang='lat' dir='ltr'>facturum.</span> <span class='ocrx_word' id='word_1_97' title='bbox 1258 1331 1639 1416; x_wconf 88' lang='lat' dir='ltr'>Approbata</span> <span class='ocrx_word' id='word_1_98' title='bbox 1691 1332 1882 1397; x_wconf 80' lang='lat' dir='ltr'>valde</span> <span class='ocrx_word' id='word_1_99' title='bbox 1939 1334 2161 1397; x_wconf 86' lang='lat' dir='ltr'>senten·</span> <span class='ocrx_word' id='word_1_100' title='bbox 2275 1395 2276 1400; x_wconf 73' lang='grc'>,</span> 
     </span>
    </p>
   </div>
   <div class='ocr_carea' id='block_1_8' title="bbox 218 1416 2160 3180">
    <p class='ocr_par' dir='ltr' id='par_1_8' title="bbox 218 1416 2160 3180">
     <span class='ocr_line' id='line_1_15' title="bbox 275 1416 2160 1485; baseline 0 -4"><span class='ocrx_word' id='word_1_101' title='bbox 275 1418 369 1482; x_wconf 86' lang='lat' dir='ltr'>tia</span> <span class='ocrx_word' id='word_1_102' title='bbox 404 1416 474 1483; x_wconf 82' lang='lat' dir='ltr'>G.</span> <span class='ocrx_word' id='word_1_103' title='bbox 513 1416 673 1484; x_wconf 84' lang='lat' dir='ltr'>Cato</span> <span class='ocrx_word' id='word_1_104' title='bbox 713 1422 939 1483; x_wconf 87' lang='lat' dir='ltr'>contra</span> <span class='ocrx_word' id='word_1_105' title='bbox 975 1418 1135 1483; x_wconf 86' lang='lat' dir='ltr'>dixit</span> <span class='ocrx_word' id='word_1_106' title='bbox 1174 1421 1241 1482; x_wconf 91' lang='lat' dir='ltr'>et</span> <span class='ocrx_word' id='word_1_107' title='bbox 1276 1416 1343 1483; x_wconf 82' lang='lat' dir='ltr'>O.</span> <span class='ocrx_word' id='word_1_108' title='bbox 1374 1417 1631 1484; x_wconf 86' lang='lat' dir='ltr'>Cassius</span> <span class='ocrx_word' id='word_1_109' title='bbox 1667 1421 1954 1485; x_wconf 90' lang='lat' dir='ltr'>maxima</span> <span class='ocrx_word' id='word_1_110' title='bbox 1989 1419 2160 1484; x_wconf 84' lang='lat' dir='ltr'>accla-</span> 
     </span>
     <span class='ocr_line' id='line_1_16' title="bbox 274 1507 2160 1591; baseline 0 -22"><span class='ocrx_word' id='word_1_111' title='bbox 274 1507 559 1571; x_wconf 88' lang='lat' dir='ltr'>matione</span> <span class='ocrx_word' id='word_1_112' title='bbox 606 1510 887 1591; x_wconf 88' lang='lat' dir='ltr'>senatus,</span> <span class='ocrx_word' id='word_1_113' title='bbox 932 1528 1129 1591; x_wconf 87' lang='lat' dir='ltr'>quum</span> <span class='ocrx_word' id='word_1_114' title='bbox 1176 1508 1437 1572; x_wconf 89' lang='lat' dir='ltr'>comitia</span> <span class='ocrx_word' id='word_1_115' title='bbox 1478 1508 1730 1574; x_wconf 88' lang='lat' dir='ltr'>iudiciis</span> <span class='ocrx_word' id='word_1_116' title='bbox 1771 1509 2160 1574; x_wconf 81' lang='lat' dir='ltr'>anteferrent</span> 
     </span>
     <span class='ocr_line' id='line_1_17' title="bbox 218 1593 2158 1680; baseline 0 -22"><span class='ocrx_word' id='word_1_117' title='bbox 218 1609 247 1649; x_wconf 76' lang='lat'><em>8</em></span> <span class='ocrx_word' id='word_1_118' title='bbox 274 1593 612 1679; x_wconf 89' lang='lat' dir='ltr'>Philippus</span> <span class='ocrx_word' id='word_1_119' title='bbox 658 1595 936 1660; x_wconf 82' lang='lat' dir='ltr'>assensit</span> <span class='ocrx_word' id='word_1_120' title='bbox 978 1594 1275 1661; x_wconf 89' lang='lat' dir='ltr'>Lentulo.</span> <span class='ocrx_word' id='word_1_121' title='bbox 1347 1595 1583 1662; x_wconf 78' lang='lat' dir='ltr'>Postea</span> <span class='ocrx_word' id='word_1_122' title='bbox 1609 1596 1901 1663; x_wconf 80' lang='lat' dir='ltr'>Racilius</span> <span class='ocrx_word' id='word_1_123' title='bbox 1948 1598 2022 1663; x_wconf 92' lang='lat' dir='ltr'>de</span> <span class='ocrx_word' id='word_1_124' title='bbox 2055 1595 2158 1680; x_wconf 92' lang='lat' dir='ltr'>pri-</span> 
     </span>
     <span class='ocr_line' id='line_1_18' title="bbox 274 1682 2159 1770; baseline -0.001 -24"><span class='ocrx_word' id='word_1_125' title='bbox 274 1683 440 1747; x_wconf 86' lang='lat' dir='ltr'>vatis</span> <span class='ocrx_word' id='word_1_126' title='bbox 505 1705 605 1747; x_wconf 91' lang='lat' dir='ltr'>me</span> <span class='ocrx_word' id='word_1_127' title='bbox 669 1684 947 1767; x_wconf 90' lang='lat' dir='ltr'>primum</span> <span class='ocrx_word' id='word_1_128' title='bbox 1009 1685 1398 1749; x_wconf 89' lang='lat' dir='ltr'>sententiam</span> <span class='ocrx_word' id='word_1_129' title='bbox 1459 1686 1738 1770; x_wconf 84' lang='lat' dir='ltr'>rogavit:</span> <span class='ocrx_word' id='word_1_130' title='bbox 1793 1689 2012 1752; x_wconf 84' lang='lat' dir='ltr'>multa</span> <span class='ocrx_word' id='word_1_131' title='bbox 2058 1682 2159 1748; x_wconf 83' lang='lat' dir='ltr'>feci</span> 
     </span>
     <span class='ocr_line' id='line_1_19' title="bbox 274 1771 2156 1861; baseline 0.002 -27"><span class='ocrx_word' id='word_1_132' title='bbox 274 1771 470 1835; x_wconf 85' lang='lat' dir='ltr'>verba</span> <span class='ocrx_word' id='word_1_133' title='bbox 516 1772 594 1834; x_wconf 92' lang='lat' dir='ltr'>de</span> <span class='ocrx_word' id='word_1_134' title='bbox 640 1774 778 1836; x_wconf 90' lang='lat' dir='ltr'>toto</span> <span class='ocrx_word' id='word_1_135' title='bbox 832 1771 1050 1837; x_wconf 83' lang='lat' dir='ltr'>furore</span> <span class='ocrx_word' id='word_1_136' title='bbox 1097 1773 1563 1858; x_wconf 86' lang='lat' dir='ltr'>latrocinioque</span> <span class='ocrx_word' id='word_1_137' title='bbox 1617 1772 1686 1837; x_wconf 91' lang='lat' dir='ltr'>P.</span> <span class='ocrx_word' id='word_1_138' title='bbox 1733 1772 1974 1861; x_wconf 79' lang='lat' dir='ltr'>Clodii3</span> <span class='ocrx_word' id='word_1_139' title='bbox 2022 1777 2156 1838; x_wconf 87' lang='lat' dir='ltr'>tam·</span> 
     </span>
     <span class='ocr_line' id='line_1_20' title="bbox 273 1863 2156 1943; baseline 0.001 -20"><span class='ocrx_word' id='word_1_140' title='bbox 273 1881 466 1943; x_wconf 91' lang='lat' dir='ltr'>quam</span> <span class='ocrx_word' id='word_1_141' title='bbox 512 1882 693 1925; x_wconf 84' lang='lat' dir='ltr'>reum</span> <span class='ocrx_word' id='word_1_142' title='bbox 739 1863 1034 1926; x_wconf 81' lang='lat' dir='ltr'>accusavi</span> <span class='ocrx_word' id='word_1_143' title='bbox 1077 1863 1301 1927; x_wconf 89' lang='lat' dir='ltr'>multis</span> <span class='ocrx_word' id='word_1_144' title='bbox 1357 1866 1424 1927; x_wconf 85' lang='lat' dir='ltr'>et</span> <span class='ocrx_word' id='word_1_145' title='bbox 1478 1863 1773 1929; x_wconf 89' lang='lat' dir='ltr'>secundis</span> <span class='ocrx_word' id='word_1_146' title='bbox 1820 1866 2156 1929; x_wconf 85' lang='lat' dir='ltr'>admurmu-</span> 
     </span>
     <span class='ocr_line' id='line_1_21' title="bbox 272 1948 2156 2019; baseline 0.002 -8"><span class='ocrx_word' id='word_1_147' title='bbox 272 1948 632 2013; x_wconf 88' lang='lat' dir='ltr'>rationibus</span> <span class='ocrx_word' id='word_1_148' title='bbox 696 1950 913 2013; x_wconf 91' lang='lat' dir='ltr'>cuncti</span> <span class='ocrx_word' id='word_1_149' title='bbox 976 1953 1257 2017; x_wconf 81' lang='lat' dir='ltr'>senatus.</span> <span class='ocrx_word' id='word_1_150' title='bbox 1348 1949 1721 2017; x_wconf 82' lang='lat' dir='ltr'>Orationem</span> <span class='ocrx_word' id='word_1_151' title='bbox 1782 1975 1998 2019; x_wconf 89' lang='lat' dir='ltr'>meam</span> <span class='ocrx_word' id='word_1_152' title='bbox 2054 1950 2156 2015; x_wconf 91' lang='lat' dir='ltr'>col·</span> 
     </span>
     <span class='ocr_line' id='line_1_22' title="bbox 271 2035 2157 2121; baseline 0.002 -22"><span class='ocrx_word' id='word_1_153' title='bbox 271 2035 559 2100; x_wconf 86' lang='lat' dir='ltr'>laudavit</span> <span class='ocrx_word' id='word_1_154' title='bbox 584 2036 743 2100; x_wconf 88' lang='lat' dir='ltr'>satis</span> <span class='ocrx_word' id='word_1_155' title='bbox 771 2038 991 2102; x_wconf 89' lang='lat' dir='ltr'>multis</span> <span class='ocrx_word' id='word_1_156' title='bbox 1019 2039 1249 2121; x_wconf 74' lang='lat' dir='ltr'>verbiS‚</span> <span class='ocrx_word' id='word_1_157' title='bbox 1285 2060 1420 2104; x_wconf 93' lang='lat' dir='ltr'>non</span> <span class='ocrx_word' id='word_1_158' title='bbox 1457 2040 1817 2106; x_wconf 82' lang='lat' dir='ltr'>mehercule</span> <span class='ocrx_word' id='word_1_159' title='bbox 1857 2041 2157 2119; x_wconf 86' lang='lat' dir='ltr'>indiserte,</span> 
     </span>
     <span class='ocr_line' id='line_1_23' title="bbox 271 2122 2158 2213; baseline 0.001 -26"><span class='ocrx_word' id='word_1_160' title='bbox 271 2122 480 2189; x_wconf 92' lang='lat' dir='ltr'>Vetus</span> <span class='ocrx_word' id='word_1_161' title='bbox 525 2123 875 2209; x_wconf 88' lang='lat' dir='ltr'>Antistius,</span> <span class='ocrx_word' id='word_1_162' title='bbox 928 2126 1108 2210; x_wconf 83' lang='lat' dir='ltr'>isque</span> <span class='ocrx_word' id='word_1_163' title='bbox 1153 2127 1535 2193; x_wconf 86' lang='lat' dir='ltr'>iudiciorum</span> <span class='ocrx_word' id='word_1_164' title='bbox 1588 2150 1849 2195; x_wconf 89' lang='lat' dir='ltr'>causam</span> <span class='ocrx_word' id='word_1_165' title='bbox 1906 2127 2158 2213; x_wconf 84' lang='lat' dir='ltr'>suscepit</span> 
     </span>
     <span class='ocr_line' id='line_1_24' title="bbox 271 2213 2156 2297; baseline 0.001 -20"><span class='ocrx_word' id='word_1_166' title='bbox 271 2213 910 2297; x_wconf 88' lang='lat' dir='ltr'>antiquissimamque</span> <span class='ocrx_word' id='word_1_167' title='bbox 974 2236 1044 2279; x_wconf 90' lang='lat' dir='ltr'>se</span> <span class='ocrx_word' id='word_1_168' title='bbox 1104 2215 1478 2281; x_wconf 86' lang='lat' dir='ltr'>habiturum</span> <span class='ocrx_word' id='word_1_169' title='bbox 1542 2217 1719 2283; x_wconf 84' lang='lat' dir='ltr'>dixit.</span> <span class='ocrx_word' id='word_1_170' title='bbox 1824 2218 2048 2284; x_wconf 85' lang='lat' dir='ltr'>Ibatur</span> <span class='ocrx_word' id='word_1_171' title='bbox 2101 2216 2156 2279; x_wconf 89' lang='lat' dir='ltr'>in</span> 
     </span>
     <span class='ocr_line' id='line_1_25' title="bbox 271 2301 2155 2391; baseline 0 -25"><span class='ocrx_word' id='word_1_172' title='bbox 271 2323 414 2366; x_wconf 87' lang='lat' dir='ltr'>eam</span> <span class='ocrx_word' id='word_1_173' title='bbox 461 2303 874 2367; x_wconf 86' lang='lat' dir='ltr'>sententiam:</span> <span class='ocrx_word' id='word_1_174' title='bbox 920 2305 1060 2367; x_wconf 89' lang='lat' dir='ltr'>tum</span> <span class='ocrx_word' id='word_1_175' title='bbox 1098 2301 1360 2369; x_wconf 80' lang='lat' dir='ltr'>Clodius</span> <span class='ocrx_word' id='word_1_176' title='bbox 1396 2309 1663 2391; x_wconf 85' lang='lat' dir='ltr'>rogatus</span> <span class='ocrx_word' id='word_1_177' title='bbox 1704 2307 1872 2372; x_wconf 87' lang='lat' dir='ltr'>diem</span> <span class='ocrx_word' id='word_1_178' title='bbox 1914 2303 2155 2372; x_wconf 89' lang='lat' dir='ltr'>dicendo</span> 
     </span>
     <span class='ocr_line' id='line_1_26' title="bbox 270 2390 2157 2476; baseline 0 -22"><span class='ocrx_word' id='word_1_179' title='bbox 270 2390 544 2455; x_wconf 88' lang='lat' dir='ltr'>eximere</span> <span class='ocrx_word' id='word_1_180' title='bbox 599 2391 835 2476; x_wconf 83' lang='lat' dir='ltr'>coepit3</span> <span class='ocrx_word' id='word_1_181' title='bbox 888 2391 1146 2456; x_wconf 89' lang='lat' dir='ltr'>furebat</span> <span class='ocrx_word' id='word_1_182' title='bbox 1200 2415 1240 2457; x_wconf 90' lang='lat' dir='ltr'>a</span> <span class='ocrx_word' id='word_1_183' title='bbox 1291 2393 1539 2459; x_wconf 87' lang='lat' dir='ltr'>Racilio</span> <span class='ocrx_word' id='word_1_184' title='bbox 1595 2417 1663 2459; x_wconf 91' lang='lat' dir='ltr'>se</span> <span class='ocrx_word' id='word_1_185' title='bbox 1718 2395 2157 2461; x_wconf 87' lang='lat' dir='ltr'>contumaciter</span> 
     </span>
     <span class='ocr_line' id='line_1_27' title="bbox 270 2476 2157 2570; baseline 0.002 -30"><span class='ocrx_word' id='word_1_186' title='bbox 270 2476 640 2561; x_wconf 86' lang='lat' dir='ltr'>urbaneque</span> <span class='ocrx_word' id='word_1_187' title='bbox 686 2483 1001 2544; x_wconf 86' lang='lat' dir='ltr'>vexatum.</span> <span class='ocrx_word' id='word_1_188' title='bbox 1081 2480 1331 2546; x_wconf 90' lang='lat' dir='ltr'>Deinde</span> <span class='ocrx_word' id='word_1_189' title='bbox 1377 2482 1513 2547; x_wconf 89' lang='lat' dir='ltr'>eius</span> <span class='ocrx_word' id='word_1_190' title='bbox 1560 2505 1790 2568; x_wconf 88' lang='lat' dir='ltr'>operae</span> <span class='ocrx_word' id='word_1_191' title='bbox 1830 2486 2086 2570; x_wconf 82' lang='lat' dir='ltr'>repente</span> <span class='ocrx_word' id='word_1_192' title='bbox 2125 2501 2157 2543; x_wconf 83' lang='lat' dir='ltr'>a</span> 
     </span>
     <span class='ocr_line' id='line_1_28' title="bbox 269 2562 2154 2659; baseline 0.003 -31"><span class='ocrx_word' id='word_1_193' title='bbox 269 2562 675 2630; x_wconf 83' lang='lat' dir='ltr'>Graecostasi</span> <span class='ocrx_word' id='word_1_194' title='bbox 742 2571 809 2632; x_wconf 92' lang='lat' dir='ltr'>et</span> <span class='ocrx_word' id='word_1_195' title='bbox 870 2569 1177 2654; x_wconf 84' lang='lat' dir='ltr'>gradibus</span> <span class='ocrx_word' id='word_1_196' title='bbox 1240 2571 1585 2637; x_wconf 87' lang='lat' dir='ltr'>clamorem</span> <span class='ocrx_word' id='word_1_197' title='bbox 1648 2573 1806 2637; x_wconf 87' lang='lat' dir='ltr'>satis</span> <span class='ocrx_word' id='word_1_198' title='bbox 1868 2590 2154 2659; x_wconf 81' lang='lat' dir='ltr'>magnum</span> 
     </span>
     <span class='ocr_line' id='line_1_29' title="bbox 269 2655 2154 2740; baseline 0.003 -23"><span class='ocrx_word' id='word_1_199' title='bbox 269 2655 697 2739; x_wconf 89' lang='lat' dir='ltr'>sustulerunt,</span> <span class='ocrx_word' id='word_1_200' title='bbox 744 2657 999 2740; x_wconf 86' lang='lat' dir='ltr'>opinor,</span> <span class='ocrx_word' id='word_1_201' title='bbox 1043 2659 1115 2722; x_wconf 92' lang='lat' dir='ltr'>in</span> <span class='ocrx_word' id='word_1_202' title='bbox 1159 2657 1234 2734; x_wconf 83' lang='lat' dir='ltr'>Q.</span> <span class='ocrx_word' id='word_1_203' title='bbox 1282 2657 1617 2726; x_wconf 86' lang='lat' dir='ltr'>Sextilium</span> <span class='ocrx_word' id='word_1_204' title='bbox 1663 2663 1728 2725; x_wconf 93' lang='lat' dir='ltr'>et</span> <span class='ocrx_word' id='word_1_205' title='bbox 1772 2663 2012 2727; x_wconf 90' lang='lat' dir='ltr'>amicos</span> <span class='ocrx_word' id='word_1_206' title='bbox 2054 2657 2154 2723; x_wconf 85' lang='lat' dir='ltr'>Mi-</span> 
     </span>
     <span class='ocr_line' id='line_1_30' title="bbox 269 2742 2153 2837; baseline 0.003 -31"><span class='ocrx_word' id='word_1_207' title='bbox 269 2742 435 2807; x_wconf 87' lang='lat' dir='ltr'>lonis</span> <span class='ocrx_word' id='word_1_208' title='bbox 473 2742 803 2809; x_wconf 82' lang='lat' dir='ltr'>incitatae:</span> <span class='ocrx_word' id='word_1_209' title='bbox 850 2767 925 2811; x_wconf 92' lang='lat' dir='ltr'>eo</span> <span class='ocrx_word' id='word_1_210' title='bbox 964 2750 1141 2811; x_wconf 91' lang='lat' dir='ltr'>metu</span> <span class='ocrx_word' id='word_1_211' title='bbox 1176 2746 1413 2813; x_wconf 92' lang='lat' dir='ltr'>iniecto</span> <span class='ocrx_word' id='word_1_212' title='bbox 1449 2752 1711 2834; x_wconf 90' lang='lat' dir='ltr'>repente</span> <span class='ocrx_word' id='word_1_213' title='bbox 1748 2772 1989 2837; x_wconf 81' lang='lat' dir='ltr'>magna</span> <span class='ocrx_word' id='word_1_214' title='bbox 2026 2767 2153 2832; x_wconf 90' lang='lat' dir='ltr'>que-</span> 
     </span>
     <span class='ocr_line' id='line_1_31' title="bbox 268 2829 2152 2904; baseline 0.006 -11"><span class='ocrx_word' id='word_1_215' title='bbox 268 2829 546 2897; x_wconf 89' lang='lat' dir='ltr'>rimonia</span> <span class='ocrx_word' id='word_1_216' title='bbox 609 2833 897 2898; x_wconf 89' lang='lat' dir='ltr'>omnium</span> <span class='ocrx_word' id='word_1_217' title='bbox 971 2833 1395 2901; x_wconf 89' lang='lat' dir='ltr'>discessimus.</span> <span class='ocrx_word' id='word_1_218' title='bbox 1503 2836 1721 2904; x_wconf 87' lang='lat' dir='ltr'>Habes</span> <span class='ocrx_word' id='word_1_219' title='bbox 1787 2843 1932 2904; x_wconf 85' lang='lat' dir='ltr'>acta</span> <span class='ocrx_word' id='word_1_220' title='bbox 1984 2836 2152 2903; x_wconf 74' lang='lat' dir='ltr'>unius</span> 
     </span>
     <span class='ocr_line' id='line_1_32' title="bbox 266 2917 2151 3008; baseline 0.003 -26"><span class='ocrx_word' id='word_1_221' title='bbox 266 2917 420 2983; x_wconf 89' lang='lat' dir='ltr'>diei:</span> <span class='ocrx_word' id='word_1_222' title='bbox 483 2920 756 3004; x_wconf 88' lang='lat' dir='ltr'>reliqua,</span> <span class='ocrx_word' id='word_1_223' title='bbox 825 2925 901 2986; x_wconf 92' lang='lat' dir='ltr'>ut</span> <span class='ocrx_word' id='word_1_224' title='bbox 964 2923 1266 3008; x_wconf 88' lang='lat' dir='ltr'>arbitror,</span> <span class='ocrx_word' id='word_1_225' title='bbox 1324 2924 1395 2988; x_wconf 94' lang='lat' dir='ltr'>in</span> <span class='ocrx_word' id='word_1_226' title='bbox 1456 2947 1743 2991; x_wconf 91' lang='lat' dir='ltr'>mensem</span> <span class='ocrx_word' id='word_1_227' title='bbox 1805 2926 2151 2992; x_wconf 84' lang='lat' dir='ltr'>Ianuarium</span> 
     </span>
     <span class='ocr_line' id='line_1_33' title="bbox 266 3007 2150 3099; baseline 0.003 -29"><span class='ocrx_word' id='word_1_228' title='bbox 266 3007 651 3073; x_wconf 89' lang='lat' dir='ltr'>reiicientur.</span> <span class='ocrx_word' id='word_1_229' title='bbox 740 3008 838 3075; x_wconf 95' lang='lat' dir='ltr'>De</span> <span class='ocrx_word' id='word_1_230' title='bbox 900 3010 1178 3076; x_wconf 92' lang='lat' dir='ltr'>tribunis</span> <span class='ocrx_word' id='word_1_231' title='bbox 1232 3013 1317 3096; x_wconf 91' lang='lat' dir='ltr'>pl.</span> <span class='ocrx_word' id='word_1_232' title='bbox 1370 3014 1565 3099; x_wconf 85' lang='lat' dir='ltr'>longe</span> <span class='ocrx_word' id='word_1_233' title='bbox 1621 3015 1935 3099; x_wconf 89' lang='lat' dir='ltr'>optimum</span> <span class='ocrx_word' id='word_1_234' title='bbox 1987 3010 2150 3079; x_wconf 88' lang='lat' dir='ltr'>Raci-</span> 
     </span>
     <span class='ocr_line' id='line_1_34' title="bbox 267 3094 2148 3180; baseline 0.003 -21"><span class='ocrx_word' id='word_1_235' title='bbox 267 3094 426 3160; x_wconf 90' lang='lat' dir='ltr'>lium</span> <span class='ocrx_word' id='word_1_236' title='bbox 461 3096 799 3180; x_wconf 87' lang='lat' dir='ltr'>habemus;</span> <span class='ocrx_word' id='word_1_237' title='bbox 846 3098 1098 3164; x_wconf 85' lang='lat' dir='ltr'>videtur</span> <span class='ocrx_word' id='word_1_238' title='bbox 1133 3101 1328 3166; x_wconf 92' lang='lat' dir='ltr'>etiam</span> <span class='ocrx_word' id='word_1_239' title='bbox 1357 3100 1679 3168; x_wconf 87' lang='lat' dir='ltr'>Antistius</span> <span class='ocrx_word' id='word_1_240' title='bbox 1715 3105 1957 3170; x_wconf 89' lang='lat' dir='ltr'>amicus</span> <span class='ocrx_word' id='word_1_241' title='bbox 1982 3099 2148 3168; x_wconf 85' lang='lat' dir='ltr'>nobis</span> 
     </span>
    </p>
   </div>
   <div class='ocr_carea' id='block_1_9' title="bbox 264 3318 2146 3538">
    <p class='ocr_par' dir='ltr' id='par_1_9' title="bbox 264 3318 2146 3538">
     <span class='ocr_line' id='line_1_35' title="bbox 406 3318 2145 3401; baseline 0.009 -30"><span class='ocrx_word' id='word_1_242' title='bbox 406 3318 507 3388; x_wconf 87' lang='lat' dir='ltr'>Ep.</span> <span class='ocrx_word' id='word_1_243' title='bbox 543 3328 588 3387; x_wconf 84' lang='lat'>1,</span> <span class='ocrx_word' id='word_1_244' title='bbox 621 3329 666 3376; x_wconf 90' lang='lat'>1.</span> <span class='ocrx_word' id='word_1_245' title='bbox 732 3325 975 3395; x_wconf 75' lang='lat' dir='ltr'>itemque,</span> <span class='ocrx_word' id='word_1_246' title='bbox 1004 3329 1263 3393; x_wconf 77' lang='lat' dir='ltr'>arbitror,</span> <span class='ocrx_word' id='word_1_247' title='bbox 1299 3335 1496 3385; x_wconf 80' lang='lat' dir='ltr'>ceteros</span> <span class='ocrx_word' id='word_1_248' title='bbox 1530 3330 1678 3401; x_wconf 87' lang='lat' dir='ltr'>(W.).</span> <span class='ocrx_word' id='word_1_249' title='bbox 1750 3332 1789 3386; x_wconf 73' lang='lat' dir='ltr'>i.</span> <span class='ocrx_word' id='word_1_250' title='bbox 1819 3350 1878 3388; x_wconf 75' lang='lat' dir='ltr'>a:</span> <span class='ocrx_word' id='word_1_251' title='bbox 1909 3348 1949 3387; x_wconf 82' lang='lat' dir='ltr'>c.</span> <span class='ocrx_word' id='word_1_252' title='bbox 1981 3329 2145 3398; x_wconf 82' lang='lat' dir='ltr'>vulgo·</span> 
     </span>
     <span class='ocr_line' id='line_1_36' title="bbox 264 3387 2146 3469; baseline 0.014 -33"><span class='ocrx_word' id='word_1_253' title='bbox 264 3388 313 3436; x_wconf 76' lang='grc'>2.</span> <span class='ocrx_word' id='word_1_254' title='bbox 372 3387 430 3439; x_wconf 86' lang='lat' dir='ltr'>C.</span> <span class='ocrx_word' id='word_1_255' title='bbox 473 3389 695 3447; x_wconf 78' lang='lat' dir='ltr'>Cassius</span> <span class='ocrx_word' id='word_1_256' title='bbox 741 3395 850 3461; x_wconf 91' lang='lat' dir='ltr'>(W.</span> <span class='ocrx_word' id='word_1_257' title='bbox 889 3398 948 3450; x_wconf 91' lang='lat' dir='ltr'>et</span> <span class='ocrx_word' id='word_1_258' title='bbox 983 3397 1043 3451; x_wconf 93' lang='grc' dir='ltr'>Β.</span> <span class='ocrx_word' id='word_1_259' title='bbox 1082 3397 1207 3452; x_wconf 93' lang='lat' dir='ltr'>Vol.</span> <span class='ocrx_word' id='word_1_260' title='bbox 1254 3400 1322 3452; x_wconf 91' lang='grc' dir='ltr'>ΙΙ.</span> <span class='ocrx_word' id='word_1_261' title='bbox 1360 3418 1414 3468; x_wconf 91' lang='lat' dir='ltr'>p.</span> <span class='ocrx_word' id='word_1_262' title='bbox 1453 3401 1639 3469; x_wconf 87' lang='lat' dir='ltr'>VIII.).</span> <span class='ocrx_word' id='word_1_263' title='bbox 1731 3402 1952 3459; x_wconf 76' lang='lat' dir='ltr'>Cassius</span> <span class='ocrx_word' id='word_1_264' title='bbox 1984 3397 2146 3463; x_wconf 66' lang='lat' dir='ltr'>UBI-2</span> 
     </span>
     <span class='ocr_line' id='line_1_37' title="bbox 265 3453 1377 3538; baseline 0.02 -36"><span class='ocrx_word' id='word_1_265' title='bbox 265 3453 451 3523; x_wconf 79' lang='lat' dir='ltr'>vulgo.</span> <span class='ocrx_word' id='word_1_266' title='bbox 529 3465 578 3511; x_wconf 86' lang='lat'>3.</span> <span class='ocrx_word' id='word_1_267' title='bbox 634 3467 970 3531; x_wconf 76' lang='lat' dir='ltr'>sententiam,</span> <span class='ocrx_word' id='word_1_268' title='bbox 1007 3485 1171 3537; x_wconf 77' lang='lat' dir='ltr'>quum</span> <span class='ocrx_word' id='word_1_269' title='bbox 1209 3469 1305 3536; x_wconf 88' lang='lat' dir='ltr'>(W</span> <span class='ocrx_word' id='word_1_270' title='bbox 1308 3471 1377 3538; x_wconf 81' lang='lat'>.)?</span> 
     </span>
    </p>
   </div>
  </div>
 </body>
</html>
