2338 3691
608 197 630 217 ,
657 145 1176 203 EPISTOLARUM
1211 145 1335 202 xv.
1373 149 1531 205 6—9.
1920 151 2052 218 515

46 306 51 310 ·
140 286 430 353 secundis
478 293 545 354 et
598 313 738 355 sum
782 295 961 357 totus
1008 295 1221 358 vester
1264 296 1333 357 et
1384 312 1525 358 esse
1572 293 1799 379 debeo,
1852 316 2050 378 quum

136 377 515 457 praesertim
559 380 784 444 matris
828 382 1008 465 tuae,
1064 381 1481 466 gravissimae
1528 384 1720 465 atque
1766 382 2050 466 optimae

135 462 431 551 feminae,
475 467 724 533 maiora
769 489 925 553 erga
969 470 1244 534 salutem
1285 470 1794 555 dignitatemque
1839 492 2048 535 meam

136 552 375 638 studia,
430 577 630 640 quam
683 560 869 622 erant
922 578 962 621 a
1006 558 1271 623 muliere
1324 559 1741 643 postulanda,
1792 580 2048 643 perspe-

133 641 351 706 xerim.
443 643 854 730 Quapropter
898 667 938 709 a
989 649 1065 710 te
1101 650 1252 731 peto
1299 648 1368 711 in
1413 648 1723 712 maiorem
1765 648 2050 733 modum,

133 731 209 793 ut
251 752 352 795 me
399 732 737 798 absentem
783 734 1014 819 diligas
1062 738 1255 819 atque
1302 735 1625 800 defendas,

1004 927 1186 994 VIII.

191 1034 304 1091 Scr.
340 1037 556 1093 ibidem
593 1039 788 1095 eodem
824 1055 1014 1096 mense
1051 1057 1118 1095 ac
1154 1040 1393 1095 fortasse
1430 1040 1522 1095 die
1560 1040 1809 1097 eiusdem
1846 1040 1995 1096 anni.

137 1157 213 1212 M.
251 1158 511 1217 CICERO
557 1162 851 1219 PROCOS.
900 1162 954 1218 S.
999 1163 1066 1217 D.
1115 1162 1173 1218 C.
1210 1162 1604 1220 MARCELLO
1653 1163 2050 1220 COLLEGAE.

270 1259 649 1328 Marcellum
692 1269 878 1329 tuum
923 1264 1253 1329 consulem
1296 1264 1541 1329 factum
1584 1268 1776 1349 teque
1812 1285 1888 1328 ea
1923 1264 2052 1327 lae·

139 1347 284 1414 titia
338 1352 643 1417 affectum
697 1373 862 1437 esse,
917 1374 1110 1437 quam
1164 1353 1440 1429 maxime
1494 1354 1762 1438 optasti,
1814 1352 2026 1416 miran

138 1436 290 1502 dum
333 1440 404 1504 in
451 1441 717 1506 modum
762 1442 1041 1526 gaudeo,
1093 1441 1285 1525 idque
1340 1464 1538 1526 quum
1589 1442 1794 1526 ipsius
1840 1461 2053 1525 causa,

137 1529 276 1591 tum
334 1529 512 1613 quod
564 1533 630 1594 te
684 1530 983 1595 omnibus
1037 1530 1512 1594 secundissimis
1567 1530 1758 1595 rebus
1812 1529 2053 1613 dignis-

141 1615 370 1682 simum
428 1617 669 1703 iudico,
727 1619 907 1684 cuius
962 1638 1117 1703 erga
1169 1639 1273 1682 me
1329 1619 1720 1703 singularem
1777 1618 2053 1682 benevo-

139 1704 409 1771 lentiam
453 1708 557 1772 vel
599 1707 671 1770 in
714 1707 934 1772 labore
981 1729 1123 1772 meo
1179 1708 1282 1771 vel
1333 1708 1405 1770 in
1447 1707 1695 1771 honore
1741 1706 2053 1790 perspexi,

142 1795 347 1861 totam
384 1794 662 1880 denique
699 1796 961 1861 domum
995 1799 1277 1861 vestram
1313 1796 1415 1861 vel
1452 1795 1675 1860 salutis
1702 1796 1805 1859 vel
1846 1794 2053 1880 digni·
2104 1849 2108 1853 .

145 1883 294 1948 tatis
329 1906 513 1949 meae
552 1885 1084 1950 studiosissimam
1122 1884 1723 1969 cupidissimamque
1761 1883 2052 1969 cognovi.

144 1969 352 2046 Quare
411 1977 669 2058 gratum
731 1973 892 2038 mihi
944 1973 1200 2057 feceriS,
1255 1973 1311 2037 si
1367 1973 1553 2037 uxori
1605 1976 1757 2036 tuae
1809 1971 2054 2056 Iuniae,

144 2061 563 2144 gravissimae
601 2065 792 2147 atque
830 2062 1112 2147 optimae
1148 2061 1445 2146 feminae,
1484 2061 1644 2125 meis
1680 2060 1891 2125 verbis
1929 2059 2053 2124 eris

145 2149 530 2232 gratulatus.
619 2149 681 2214 A
723 2153 790 2215 te
835 2150 929 2235 id,
975 2150 1146 2234 quod
1191 2150 1529 2234 consuesti,
1572 2152 1752 2235 peto,
1796 2169 1899 2213 me
1945 2147 2053 2212 ab·

148 2239 400 2300 sentem
444 2237 675 2322 diligas
721 2242 912 2322 atque
960 2238 1289 2303 defendaS.

1044 2430 1160 2496 IX.

197 2541 313 2597 Scr.
350 2541 562 2598 ibidem
597 2544 795 2599 eodem
832 2559 1021 2599 mense
1058 2559 1124 2598 ac
1159 2542 1399 2598 fortasse
1434 2540 1526 2596 die
1564 2540 1812 2597 eiusdem
1848 2540 1997 2596 anni.

287 2666 362 2720 M.
403 2665 662 2722 CICERO
699 2665 992 2723 PROCOS.
1034 2667 1089 2722 S.
1125 2666 1194 2722 D.
1231 2667 1307 2720 M.
1335 2664 1729 2721 MARCELLO
1766 2663 1917 2720 COS.

283 2765 374 2831 Te
420 2770 486 2832 et
527 2767 790 2851 pietatis
843 2766 914 2831 in
965 2770 1115 2833 tuos
1172 2770 1240 2832 et
1283 2767 1483 2831 animi
1538 2765 1610 2830 in
1662 2785 1800 2830 rem
1853 2762 2057 2848 publi·
2097 2782 2123 2830 1

144 2877 293 2921 cam
336 2859 403 2920 et
446 2856 786 2922 clarissimi
829 2859 1022 2940 atque
1069 2855 1299 2941 optimi
1356 2855 1729 2921 consulatus
1775 2849 1844 2917 C.
1888 2849 2059 2915 Mar-

144 2946 307 3011 cello
347 2947 611 3010 consule
646 2945 820 3011 facto
855 2944 1141 3011 fructum
1178 2945 1420 3029 cepisse
1455 2942 1868 3009 vehementer
1904 2959 2059 3024 gau·

145 3034 287 3099 deo.
375 3032 530 3100 Non
593 3034 845 3118 dubito,
909 3033 1062 3117 quid
1123 3035 1497 3119 praesentes
1560 3030 1875 3112 sentiant3
1937 3050 2059 3093 nos

149 3121 407 3205 quidem
468 3123 812 3208 longinqui
873 3125 941 3186 et
1001 3143 1042 3186 a
1092 3126 1159 3187 te
1222 3122 1365 3207 ipso
1423 3119 1605 3185 missi
1664 3119 1736 3183 in
1797 3117 2059 3182 ultimas

148 3214 376 3293 gentes
422 3211 505 3276 ad
551 3212 798 3276 caelum
842 3211 1207 3275 mehercule
1251 3209 1538 3275 tollimus
1591 3207 1941 3273 verissimis
1987 3225 2061 3270 ac

290 3419 395 3489 Ep.
433 3427 485 3487 9,
525 3427 574 3475 1.
644 3421 884 3476 tollimus
933 3420 1056 3489 (M.‚
1091 3419 1303 3488 vulgo).
1392 3421 1443 3471 te
1485 3415 1597 3470 tou.
1650 3414 1928 3482 (Kayser.,
1966 3411 2057 3464 W.

145 3492 303 3560 olim,
341 3491 461 3559 B.)?
1526 3573 1635 3626 33*
