2338 3691
226 114 358 179 558
781 111 868 167 Μ
907 110 1152 165 TULLII
1188 108 1572 165 CICERONIS

229 280 367 323 esse
412 257 840 343 intelligerem
887 256 1080 321 etiam
1123 255 1425 321 fortunae
1470 256 1865 354 potestatem
1910 251 1984 316 in
2033 272 2161 316 nos

228 348 671 447 prorogatam:
733 366 908 409 nunc
971 365 1123 409 vero
1189 366 1265 408 ea
1318 364 1469 427 pars
1523 340 1646 406 tibi
1699 341 1794 406 rei
1846 340 2158 424 publicae

231 435 571 500 commissa
616 436 739 517 est,
800 432 872 497 in
918 454 1045 516 qua
1091 435 1205 496 aut
1265 432 1512 496 nullam
1557 434 1672 494 aut
1727 429 2156 513 perexiguam

230 526 482 606 partem
542 521 807 586 fortuna
868 523 1090 585 teneat
1151 523 1219 584 et
1281 540 1443 603 quae
1496 518 1658 582 mihi
1710 521 1852 583 tota
1906 517 1979 581 in
2036 520 2157 581 tua

230 611 466 674 virtute
511 631 587 673 ac
630 610 1068 674 moderatione
1117 608 1319 672 animi
1370 605 1585 692 posita
1638 628 1775 671 esse
1830 605 2156 670 videatur.

230 697 480 782 NullaS,
522 700 599 761 ut
643 698 900 782 opinor,
943 697 1213 762 insidias
1258 696 1569 778 hostium,
1621 695 1868 758 nullam
1913 695 2154 778 proelii

232 786 724 869 dimicationem,
768 787 1016 850 nullam
1054 785 1479 850 defectionem
1516 784 1853 865 sociorum,
1894 783 2153 846 nullam

230 875 516 959 inopiam
563 874 867 958 stipendii
913 878 1027 939 aut
1077 874 1171 938 rei
1214 872 1701 955 frumentariae,
1753 833 2005 935 nullam
2057 892 2153 935 se-

234 963 543 1028 ditionem
607 964 921 1028 exercitus
993 961 1527 1047 pertimescimus3
1600 981 1764 1044 quae
1834 981 2155 1044 persaepe

233 1051 726 1135 sapientissimis
780 1051 933 1116 viris
989 1051 1385 1134 acciderunt,
1445 1052 1544 1131 ut,
1606 1047 2157 1132 quemadmodum

233 1140 697 1225 gubernatores
743 1138 971 1224 optimi
1016 1139 1146 1203 vim
1190 1137 1619 1222 tempestatis,
1665 1137 1754 1201 sic
1799 1136 1894 1200 illi
1939 1136 2154 1201 fortu-

232 1250 355 1294 nae
399 1229 711 1312 impetum
757 1249 1057 1311 superare
1101 1248 1238 1291 non
1282 1229 1565 1311 possent.
1656 1225 1802 1290 Tibi
1847 1225 2001 1289 data
2053 1229 2156 1288 est

235 1338 485 1381 summa
526 1338 681 1400 pax,
726 1337 977 1381 summa
1021 1316 1476 1399 tranquillitaS,
1521 1315 1616 1379 ita
1659 1316 1904 1395 tamen,
1950 1316 2027 1377 ut
2077 1335 2156 1377 ea

235 1405 658 1471 dormientem
711 1405 1209 1488 gubernatorem
1261 1405 1364 1469 vel
1417 1404 1712 1487 obruere,
1765 1402 2153 1487 vigilantem

181 1514 208 1555 c
237 1494 431 1558 etiam
484 1492 800 1557 delectare
855 1493 1088 1577 possit3
1142 1496 1399 1558 constat
1458 1492 1632 1555 enim
1685 1512 1763 1555 ea
1813 1490 2155 1575 provincia

168 2101 200 2208 αιῑθ

234 1582 514 1666 primum
560 1602 637 1645 ex
681 1602 758 1645 eo
803 1600 1037 1665 genere
1075 1581 1413 1665 sociorum,
1458 1579 1629 1664 quod
1675 1582 1775 1644 est
1818 1600 1897 1642 ex
1940 1577 2151 1643 homi·

235 1692 394 1735 num
456 1670 633 1735 omni
697 1690 931 1754 genere
992 1668 1560 1750 humanissimum,
1633 1667 1862 1732 deinde
1925 1688 2005 1731 ex
2074 1689 2151 1731 eo

237 1779 470 1844 genere
517 1757 775 1840 civium,
830 1758 941 1841 qui
986 1761 1128 1840 aut,
1184 1758 1354 1841 quod
1407 1756 1737 1841 publicani
1793 1758 1971 1839 sunt,
2023 1777 2150 1820 nos

237 1867 488 1910 summa
530 1845 1001 1910 necessitudine
1047 1847 1382 1932 attingunt
1426 1849 1556 1930 aut,
1601 1844 1772 1930 quod
1811 1844 1905 1909 ita
1949 1863 2150 1929 nego-

235 1935 510 2017 tiantur,
554 1936 630 1997 ut
672 1934 1024 2017 locupletes
1066 1936 1222 2019 sint,
1276 1935 1483 1999 nostri
1528 1935 1900 1999 consulatus
1954 1932 2149 1997 bene-

237 2022 382 2086 ficio
438 2043 506 2085 se
549 2021 902 2086 incolumes
955 2022 1253 2087 fortunas
1306 2022 1543 2087 habere
1599 2023 2012 2088 arbitrantur.
2059 2058 2148 2068 —

237 2109 366 2194 „At
410 2109 583 2189 enim
626 2109 797 2173 inter
839 2110 959 2175 hos
1003 2112 1180 2194 ipsos
1235 2112 1552 2176 exsistunt
1604 2132 1832 2196 graves
1892 2114 2149 2176 contro·

239 2198 503 2283 versiae,
546 2199 787 2263 multae
831 2203 1187 2264 nascuntur
1228 2200 1519 2284 iniuriae,
1561 2221 1838 2284 magnae
1884 2202 2149 2264 conten-

237 2288 448 2352 tiones
496 2286 1028 2370 consequuntur.“
1063 2324 1148 2334 —
1197 2287 1395 2363 Quasi
1430 2307 1581 2354 vero
1628 2309 1748 2373 ego
1794 2288 1860 2351 id
1904 2290 2149 2372 putem,

237 2396 373 2440 non
417 2377 483 2439 te
530 2375 929 2459 aliquantum
966 2376 1214 2461 negotii
1251 2376 1583 2441 sustinere.
1654 2375 1958 2461 Intelligo
2004 2397 2150 2459 per-

238 2483 548 2547 magnum
593 2484 732 2527 esse
777 2464 1110 2548 negotium
1156 2467 1223 2528 et
1256 2465 1520 2529 maximi
1556 2464 1825 2549 consilii,
1870 2464 1981 2528 sed
2017 2485 2151 2528 me-

238 2554 458 2615 mento
523 2551 775 2616 consilii
836 2573 937 2615 me
1000 2551 1125 2617 hoc
1179 2553 1514 2638 negotium
1578 2574 1715 2617 esse
1766 2553 1987 2638 magis
2034 2552 2149 2616 ali·

241 2643 485 2723 quanto
523 2661 716 2723 quam
750 2640 1050 2704 fortunae
1077 2643 1333 2724 putare3
1379 2641 1533 2725 quid
1561 2641 1866 2705 est’enim
1900 2641 2151 2726 negotii

241 2728 569 2794 continere
617 2749 745 2812 eos,
790 2728 1021 2811 quibus
1065 2729 1329 2813 praesis,
1374 2730 1429 2794 si
1473 2733 1539 2794 te
1582 2730 1721 2814 ipse
1767 2729 2151 2794 contineas?

237 2815 306 2881 id
351 2819 568 2881 autem
621 2815 708 2880 sit
759 2837 1068 2902 magnum
1123 2821 1190 2882 et
1234 2816 1491 2882 difficile
1537 2818 1763 2883 ceteris
1776 2867 1794 2902 ,
1839 2817 2007 2883 sicut
2051 2822 2152 2882 est

241 2903 713 2969 difficillimum:
757 2904 878 2969 tibi
923 2907 989 2968 et
1031 2904 1159 2969 fuit
1201 2905 1326 2971 hoc
1371 2927 1623 2990 semper
1660 2906 2039 2971 facillimum
2083 2910 2152 2970 et

239 3015 391 3058 vero
438 3014 576 3057 esse
631 2992 877 3074 debuit,
933 2992 1111 3057 cuius
1165 2997 1402 3058 natura
1453 2996 1603 3059 talis
1651 2998 1773 3077 est,
1825 2997 1902 3058 ut
1955 2994 2150 3059 etiam

242 3082 380 3146 sine
435 3080 731 3147 doctrina
783 3080 1076 3145 videatur
1128 3082 1461 3146 moderata
1514 3104 1653 3147 esse
1706 3083 2020 3166 potuisse,
2072 3104 2152 3146 ea

242 3173 458 3233 autem
503 3168 794 3234 adhibita
839 3169 1132 3234 doctrina
1168 3174 1286 3255 est,
1331 3192 1493 3255 quae
1534 3172 1637 3236 vel
1673 3170 2154 3236 vitiosissimam

241 3458 297 3495 n·
335 3373 502 3510 Vblpss
515 3376 559 3444 Ι,
589 3382 638 3431 7.
691 3377 791 3433 hoc
824 3378 1097 3448 myctium
1132 3393 1239 3434 esse
1274 3378 1388 3448 (M.‚
1424 3381 1485 3434 et
1518 3378 1599 3434 sic
1634 3378 1819 3436 voluit
1851 3379 1952 3450 Β.).
2024 3380 2074 3435 h.
2102 3396 2138 3435 e
