2338 3691
841 136 1362 191 EPISTULARUM
1398 139 1439 191 Ι.
1480 144 1528 191 9.
2060 137 2149 201 25

225 282 602 367 peravisset.
683 279 910 365 Neque
955 303 1106 346 vero
1153 303 1275 364 ego
1321 281 1481 345 mihi
1526 284 1754 365 postea
1799 276 2148 366 quidquam
2187 286 2251 335 1⁷

228 371 554 454 assumpsi
579 390 792 453 neque
817 369 1010 435 hodie
1038 391 1314 451 assumo,
1342 370 1514 452 quod
1543 391 1927 454 quemquam
1954 373 2148 435 male·

228 458 749 524 volentis-simum
792 458 929 521 iure
974 459 1181 542 possit
1223 458 1572 522 offendere:
1619 462 1876 522 tantum
1922 461 2149 543 enitor,

229 552 305 611 ut
368 568 580 630 neque
644 546 866 610 amicis
926 568 1136 630 neque
1198 546 1395 610 etiam
1458 547 1873 612 alienioribus
1935 570 2150 632 opera,

233 636 528 718 consilio,
561 635 786 699 labore
823 634 1042 698 desim.
1104 633 1232 698 Hic
1267 656 1448 699 meae
1483 635 1655 700 vitae
1692 656 1914 699 cursus
1952 637 2149 701 offen-

233 724 331 787 dit
375 745 488 788 eos
533 723 839 807 fortasse,
892 724 1004 807 qui
1058 723 1465 807 splendorem
1519 727 1585 787 et
1636 725 1913 808 speciem
1957 724 2150 789 huius

231 813 407 876 vitae
470 813 835 896 intuentur,
898 811 1396 877 sollicitudinem
1459 815 1674 876 autem
1738 816 1803 877 et
1863 813 2153 878 laborem

231 900 598 985 perspicere
661 921 798 965 non
870 905 1172 1001 possunt3
1242 900 1404 964 illud
1464 922 1617 965 vero
1685 922 1820 966 non
1884 902 2153 966 obscure

232 993 616 1073 queruntur,
660 989 730 1052 in
775 989 934 1053 meis
981 989 1338 1073 sententiis,
1382 989 1613 1072 quibus
1661 1011 1883 1054 ornem
1923 988 2151 1055 Caesa·

232 1100 401 1160 rem,
472 1077 658 1161 quasi
711 1077 1059 1141 desciscere
1120 1099 1224 1141 me
1278 1098 1322 1141 a
1372 1078 1647 1161 pristina
1700 1099 1910 1142 causa.
2007 1078 2152 1164 Ego

232 1171 458 1230 autem
504 1187 701 1249 quum
746 1166 860 1230 illa
895 1186 1145 1249 sequor,
1190 1186 1355 1248 quae
1391 1166 1608 1249 paullo
1646 1169 1798 1230 ante
1829 1167 2155 1265 proposui,

229 1259 382 1319 tum
423 1254 550 1318 hoc
596 1275 732 1318 non
773 1253 845 1317 in
887 1255 1250 1338 postremis,
1295 1253 1373 1317 de
1420 1275 1546 1337 quo
1593 1275 1930 1338 coeperam
1965 1276 2154 1338 expo·
2199 1280 2205 1288 ·

230 1364 421 1407 nere:
474 1362 614 1407 non
657 1341 943 1406 offendes
987 1342 1262 1406 eundem
1305 1342 1627 1406 bonorum
1671 1363 1949 1425 sensum,
1993 1341 2157 1406 Len-

231 1429 451 1514 tule,
476 1451 668 1514 quem
738 1430 1078 1514 reliquisti,
1146 1430 1258 1514 qui
1329 1430 1745 1495 confirmatus
1816 1430 2156 1494 consulatu

232 1523 494 1602 nostro,
554 1538 1036 1602 nonnumquam
1099 1522 1328 1602 postea
1389 1518 1814 1602 interruptus,
1878 1518 2157 1582 afflictus

234 1611 398 1672 ante
438 1611 506 1670 te
552 1608 910 1690 consulem,
963 1610 1291 1671 recreatus
1345 1607 1462 1671 abs
1506 1610 1572 1671 te
1616 1610 1795 1672 totus
1840 1610 1939 1670 est
1982 1628 2157 1671 nunc

235 1697 327 1759 ab
384 1696 488 1779 iis,
543 1717 585 1758 a
629 1695 863 1778 quibus
916 1696 1194 1760 tuendus
1246 1695 1486 1779 fuerat,
1545 1696 1885 1759 derelictus
1895 1745 1912 1778 ,
1965 1695 2156 1779 idque

232 1805 381 1850 non
441 1784 654 1850 solum
715 1784 930 1849 fronte
999 1788 1191 1869 atque
1253 1784 1464 1867 vultu,
1538 1784 1769 1869 quibus
1833 1781 2157 1849 simulatio

232 1874 548 1938 facillime
595 1872 967 1956 sustinetur,
1012 1873 1345 1937 declarant
1386 1873 1451 1955 ii,
1496 1873 1607 1956 qui
1640 1877 1782 1937 tum
1824 1874 1896 1937 111
1932 1877 2157 1939 nostro

229 1964 359 2028 ino
404 1964 581 2026 statu
627 1961 971 2045 optimates
1023 1961 1556 2045 nominabantur,
1610 1962 1721 2026 sed
1777 1962 1973 2026 etiam
2017 1983 2157 2025 sen-

229 2050 453 2115 tentia
498 2070 689 2133 saepe
733 2049 865 2113 iam
896 2049 1273 2151 tabellaque
1318 2049 1700 2133 docuerunt3
1757 2050 1975 2134 itaque
2019 2053 2160 2114 tota

226 2142 379 2204 iam
421 2137 811 2222 sapientium
856 2138 1117 2221 civium,
1171 2138 1429 2223 qualem
1472 2159 1574 2202 1116
1628 2140 1696 2202 et
1749 2160 1886 2203 esse
1933 2141 1999 2202 et
2042 2160 2158 2203 nu·

224 2227 481 2293 merari
523 2226 701 2310 volo,
760 2230 826 2290 et
870 2226 1194 2291 sententia
1246 2233 1313 2290 et
1362 2227 1664 2291 voluntas
1719 2230 1969 2291 mutata
2022 2248 2160 2291 esse

226 2317 463 2399 debet,
525 2315 594 2379 id
656 2315 829 2379 6111111
880 2315 1062 2379 iubet
1120 2315 1292 2379 idem
1344 2314 1454 2379 ille
1507 2314 1723 2399 Plato,
1787 2337 1978 2398 quem
2038 2336 2160 2400 ego

224 2405 661 2471 vehementer
706 2405 1052 2468 auctorem
1104 2424 1363 2487 sequor,
1425 2406 1717 2487 „tantum
1775 2403 2162 2468 contendere

196 2496 306 2558 ·in
360 2514 429 2556 re
474 2491 753 2576 publica,
799 2496 1115 2575 quantum
1150 2491 1424 2575 probare
1468 2492 1599 2556 tuis
1636 2492 1881 2557 civibus
1926 2493 2162 2576 possis3

224 2583 379 2646 vim
438 2602 650 2663 neque
712 2580 968 2664 parenti
1028 2600 1149 2643 nec
1212 2580 1459 2664 patriae
1524 2580 1749 2645 afferre
1813 2585 2127 2665 oportere.
2129 2578 2165 2611 “

224 2671 463 2752 Atque
508 2668 680 2733 hanc
726 2668 984 2752 quidem
1027 2668 1136 2731 ille
1183 2689 1442 2733 causam
1484 2668 1605 2733 sibi
1652 2669 1746 2733 ait
1788 2690 1922 2733 non
1969 2670 2163 2732 attin-

226 2757 495 2845 gendae
539 2757 637 2821 rei
681 2757 976 2840 publicae
1020 2756 1249 2841 fuisse,
1294 2757 1493 2858 quod,
1548 2779 1746 2840 quum
1790 2756 2164 2822 offendisset

226 2847 561 2932 populum
591 2844 1060 2909 Atheniensem
1103 2866 1305 2929 prope
1349 2846 1482 2909 iam
1517 2845 1940 2929 desipientem
1984 2866 2163 2909 sene-

228 2938 421 3000 ctute
468 2955 792 3018 quumque
838 2956 985 2998 eum
1029 2955 1149 2997 nec
1202 2933 1645 3017 persuadendo
1700 2954 1818 2997 nec
1873 2934 2163 3018 cogendo

225 3023 385 3107 regi
410 3043 603 3105 posse
638 3022 927 3105 vidisset,
964 3043 1161 3106 quum
1195 3021 1568 3107 persuaderi
1602 3042 1792 3104 posse
1829 3021 2164 3106 diffideret,

386 3266 491 3336 Ep.
531 3274 695 3335 9,17.
769 3267 1052 3322 declardnt
1085 3268 1134 3321 ii
1180 3267 1324 3335 (edd.
1363 3268 1541 3334 vett).
1624 3268 1932 3323 declaranti
1967 3268 2018 3321 ei
2060 3267 2119 3320 M
2133 3273 2157 3320 1

232 3339 322 3405 (hi
361 3337 504 3403 Me).
577 3339 629 3392 d.
666 3339 718 3392 ei
755 3337 864 3406 Or.,
901 3338 963 3391 B.
994 3369 1061 3377 -—
1109 3344 1226 3391 tum
1259 3339 1325 3391 in
1358 3342 1543 3391 nostro
1582 3338 1714 3407 (W).
1789 3343 1905 3392 tum
1938 3354 1994 3390 n.
2030 3336 2160 3388 ΜΒ.

234 3415 328 3463 18.
386 3413 652 3462 senectute
695 3424 1015 3477 quumque.
1074 3409 1373 3472 ‚miss-et,
1409 3424 1575 3476 quum
1612 3409 1725 3475 (Μ)
1802 3408 2166 3474 6.,[6111119116

313 3479 479 3533 .vid.
481 3479 520 3547 ,]
559 3494 681 3532 cum
718 3478 963 3547 8611.,Β.
1002 3509 1069 3519 -
1107 3480 1202 3533 cui
1226 3478 1556 3548 persuaderi
1593 3479 1746 3544 (W)?

2199 2070 2264 2119 18
