2338 3691
248 112 290 172 2
821 113 895 165 Μ.
927 111 1175 166 TULLII
1213 107 1610 168 CICERONIS

248 258 314 319 et
368 276 550 320 orare
606 259 672 320 et
733 255 864 320 iam
926 256 1189 321 liberius
1254 279 1557 322 accusare
1628 264 1693 323 et
1745 283 2028 346 monere,
2092 268 2176 328 ut

248 365 553 429 magnam
580 344 915 408 infamiam
943 345 1175 430 fugiat,
1220 368 1354 411 non
1384 345 1778 433 desistimus3
1824 350 1934 414 sed
1970 352 2177 434 plane

247 454 367 497 nec
419 433 716 517 precibus
770 434 1011 497 nostris
1075 455 1196 498 nec
1252 434 1802 502 admonitionibus
1855 439 2176 523 relinquit

248 523 488 606 locum,
541 543 695 585 nam
741 544 938 606 quum
983 522 1054 586 in
1100 544 1393 588 sermone
1451 524 1855 611 quotidiano,
1907 529 2046 591 tum
2095 529 2172 592 in

249 613 478 674 senatu
523 611 740 694 palam
785 610 877 674 sic
923 611 1057 696 egit
1103 632 1363 675 causam
1408 616 1616 697 tuam,
1660 618 1736 678 ut
1779 635 1986 699 neque
2034 617 2175 681 elo-

249 700 514 782 quentia
565 699 806 764 maiore
855 699 1194 784 quisquam
1238 722 1357 765 nec
1412 702 1729 786 gravitate
1783 724 1902 768 nec
1948 704 2174 770 studio

247 809 366 851 nec
421 787 835 852 contentione
882 808 1072 873 agere
1127 789 1435 873 potuerit,
1497 809 1639 854 cum
1689 813 1939 856 summa
1982 794 2170 857 testi·

247 875 547 941 ficatione
589 879 852 941 tuorum
895 876 966 940 in
1012 897 1078 940 se
1108 876 1468 942 officiorum
1513 880 1579 942 et
1613 880 1850 944 amoris
1897 901 2051 966 erga
2096 886 2172 946 te

250 965 365 1028 sui.
436 964 884 1029 Marcellinum
929 965 1051 1029 tibi
1096 986 1234 1029 esse
1280 967 1517 1030 iratum
1555 967 1704 1031 scis:
1750 968 1805 1032 is
1832 969 1955 1032 hac
1981 970 2166 1053 regia

250 1075 443 1117 causa
488 1056 752 1137 excepta
797 1053 1023 1117 ceteris
1050 1053 1121 1117 in
1147 1054 1340 1118 rebus
1387 1076 1454 1118 se
1488 1055 1868 1120 acerrimum
1911 1057 2006 1121 tui
2055 1058 2168 1121 de-

246 1142 569 1206 fensorem
613 1141 753 1206 fore
800 1140 1097 1206 ostendit.
1173 1140 1358 1217 Quod
1387 1143 1516 1228 dat,
1562 1144 1931 1229 accipimus:
1989 1147 2165 1229 quod

248 1231 531 1295 instituit
583 1231 819 1294 referre
877 1230 953 1296 de
1005 1230 1318 1315 religione
1375 1235 1440 1295 et
1493 1253 1683 1317 saepe
1737 1233 1868 1297 iam
1920 1234 2162 1319 retulit,

249 1319 332 1383 ab
378 1340 453 1384 eo
501 1319 727 1383 deduci
780 1340 916 1383 non
958 1320 1193 1402 potest.
1283 1318 1412 1384 Res
1470 1323 1620 1384 ante
1665 1320 1820 1385 Idus
1880 1325 2023 1386 acta
2068 1322 2163 1386 sic

250 1412 350 1472 est
375 1443 461 1456 -
490 1430 645 1472 nam
687 1407 848 1472 haec
892 1405 1113 1471 Idibus
1159 1428 1350 1472 mane
1397 1409 1624 1493 scripsi
1668 1433 1781 1473 -ε
1825 1409 2156 1474 Hortensii

250 1500 315 1560 et
357 1518 502 1560 mea
547 1499 612 1561 et
640 1495 891 1559 Luculli
938 1496 1259 1559 sententia
1305 1496 1473 1560 cedit
1516 1497 1815 1583 religioni
1862 1497 1939 1562 de
1986 1518 2158 1562 exer-

250 1585 381 1648 citu
427 1621 512 1631 -
557 1585 764 1648 teneri
818 1584 992 1647 enim
1044 1605 1145 1648 res
1205 1585 1391 1649 aliter
1436 1607 1571 1650 non
1627 1588 1842 1669 potest
1886 1620 1997 1666 --,
2044 1586 2155 1647 sed

250 1694 327 1736 ex
370 1673 482 1736 illo
530 1674 790 1736 senatus
837 1671 1157 1756 consulto,
1214 1672 1384 1756 quod
1436 1676 1501 1735 te
1546 1673 1860 1735 referente
1903 1670 2153 1734 factum

252 1764 366 1843 est,
409 1761 529 1824 tibi
575 1760 875 1843 decernit,
920 1763 995 1824 ut
1039 1781 1258 1845 regem
1285 1760 1569 1843 reducaS,
1614 1757 1785 1842 quod
1818 1759 2157 1824 commodo

250 1849 664 1933 reipublicae
690 1851 901 1914 facere
929 1850 1156 1934 possiS,
1202 1853 1277 1915 ut
1304 1848 1648 1914 exercitum
1675 1848 1903 1933 religio
1949 1849 2160 1933 tollat,

249 1941 314 2002 te
362 1941 686 2003 auctorem
733 1942 994 2002 senatus
1035 1939 1328 2003 retineat.
1417 1934 1685 2002 Crassus
1730 1939 1861 2000 tres
1906 1938 2159 2021 legatos

251 2026 552 2110 decernit,
595 2048 715 2091 nec
742 2026 1021 2091 excludit
1044 2026 1439 2112 Pompeium,
1483 2028 1704 2090 censet
1747 2026 1920 2089 enim
1965 2026 2160 2089 etiam

251 2137 328 2180 ex
371 2116 451 2180 iis
459 2166 477 2199 ,
532 2116 643 2200 qui
688 2136 833 2179 cum
877 2115 1145 2199 imperio
1195 2116 1352 2198 sint3
1404 2113 1677 2179 Bibulus
1730 2116 1863 2178 tres
1905 2114 2159 2198 legatos

251 2226 327 2268 ex
371 2204 477 2287 iis,
533 2204 642 2287 qui
685 2204 921 2287 privati
975 2204 1122 2268 sint.
1210 2202 1382 2267 Huic
1436 2203 1877 2267 assentiuntur
1929 2202 2161 2287 reliqui

251 2293 618 2358 consulares
653 2295 910 2377 praeter
937 2288 1295 2376 Servilium,
1340 2292 1450 2375 qui
1498 2292 1759 2357 omnino
1787 2290 2006 2355 reduci
2051 2312 2160 2354 ne-

252 2384 366 2466 gat
393 2385 706 2465 oportere,
751 2384 816 2445 et
842 2379 1231 2465 Volcatium,
1276 2381 1386 2464 qui
1413 2377 1599 2464 Lupo
1626 2379 1942 2443 referente
1969 2376 2161 2443 Pom-

250 2458 394 2555 peio
442 2470 743 2554 decernit,
789 2472 854 2533 et
896 2467 1260 2553 Afranium,
1306 2468 1416 2551 qui
1458 2468 1805 2532 assentitur
1832 2465 2163 2549 Volcatio,

249 2586 410 2647 quae
446 2586 545 2627 res
577 2567 768 2649 auget
805 2562 1231 2646 suspicionem
1258 2560 1547 2645 Pompeii
1573 2561 1923 2626 voluntatis
1954 2561 2157 2644 [,nam

251 2651 696 2715 advertebatur
762 2647 1051 2733 Pompeii
1130 2647 1477 2712 familiares
1561 2649 1858 2713 assentiri
1927 2645 2158 2711 Volca-

248 2740 385 2820 tio].
457 2737 816 2804 Laboratur
859 2736 1290 2819 vehementer3
1336 2735 1643 2822 inclinata
1669 2758 1770 2799 res
1801 2738 1921 2799 est:
1966 2732 2158 2798 Libo-

257 2838 358 2902 nis
406 2840 473 2901 et
496 2834 786 2920 Hypsaei
828 2853 963 2897 non
993 2830 1268 2895 obscura
1312 2828 1717 2894 concursatio
1747 2831 1812 2892 et
1839 2826 2168 2892 contentio

259 2925 671 3008 omniumque
723 2919 1015 3005 Pompeii
1068 2918 1484 2983 familiarium
1549 2916 1833 2981 studium
1893 2915 1964 2978 in
2029 2934 2170 2978 eam

260 3014 631 3098 opinionem
690 3032 828 3075 rem
891 3007 1321 3090 adduxerunt,
1393 3007 1469 3069 ut
1528 3003 1875 3095 Pompeius
1939 3021 2172 3086 cupere

260 3102 578 3184 videatur,
623 3100 731 3166 cui.
772 3098 883 3183 qui
925 3098 1188 3180 nolunt,
1230 3095 1422 3160 iidem
1467 3092 1588 3157 tibi
1597 3143 1616 3177 ,
1662 3091 1833 3175 quod
1879 3111 2028 3155 eum
2074 3111 2174 3154 or-

406 3221 509 3289 Ep.
550 3226 596 3286 1,
636 3224 686 3272 2.
759 3233 917 3273 orare
951 3221 1001 3270 et
1043 3216 1158 3270 iam
1196 3212 1308 3281 (M.‚
1345 3210 1553 3279 vulgo).
1628 3222 1808 3274 orare,
1838 3205 2022 3288 ‘etiam
2058 3202 2177 3256 LB.

265 3297 316 3347 3.
372 3291 592 3359 privati
635 3290 749 3342 sint
795 3287 982 3355 (Em.).
1038 3301 1132 3354 pr.
1178 3288 1306 3337 swnt
1342 3280 1470 3335 ΜΒ.
1510 3310 1577 3320 -
1636 3277 1906 3342 Volcatw,
1952 3289 2091 3343 quae
2122 3312 2179 3354 ·.:

265 3361 569 3417 voluntatis
622 3358 816 3429 [mam
870 3356 1251 3411 advertebatur
1301 3392 1314 3404 .
1346 3392 1359 3405 .
1391 3391 1403 3404 .
1470 3349 1669 3473 Volcss.
1741 3346 1881 3430 Lab.
2075 3360 2183 3397 usu

267 3430 596 3566 2332&ss
635 3424 1440 3553 assssvmfflssffbffff
1466 3420 1541 3474 Μ·

1652 3419 1863 3474 olcatw.
2010 3431 2074 3468 ae
2132 3452 2143 3465 .
