2338 3691
209 111 335 175 100
767 109 841 164 M.
880 108 1129 164 TULLII
1166 104 1548 164 CICERONIS

203 257 353 322 res?
418 277 579 341 quae
636 255 827 340 spes?
893 254 1064 340 quod
1119 252 1319 318 animi
1380 253 1725 320 solatium?
1817 252 1911 319 Ut
1974 276 2122 318 cum

206 347 421 430 aliquo
469 344 873 409 adolescente
928 343 1235 428 primario
1283 344 1629 408 coniuncta
1688 345 1967 407 aetatem
2014 363 2122 428 ge·

204 434 418 500 reret?
463 433 715 498 licitum
762 437 862 497 est
906 432 1053 516 tibi,
1099 432 1308 517 credo,
1352 454 1470 516 pro
1516 435 1631 497 tua
1677 432 1995 517 dignitate
2044 453 2123 496 ex

203 524 328 589 hac
372 524 706 588 iuventute
753 543 1063 608 generum
1111 521 1415 607 deligere,
1462 521 1640 587 cuius
1685 520 1837 585 fidei
1882 520 2121 586 liberos

203 615 353 677 tuos
399 614 463 675 te
508 614 650 677 tuto
700 611 1098 677 committere
1136 614 1418 695 putares.
1489 608 1598 674 An
1640 612 1719 674 ut
1763 631 1839 674 ea
1882 609 2122 675 liberos

205 722 282 765 ex
330 722 467 765 sese
513 703 785 784 pareret,
831 722 993 783 quos
1039 722 1239 784 quum
1284 698 1588 764 florentes
1634 698 1880 763 videret
1924 698 2123 763 laeta-

205 788 427 854 retur?
492 790 602 873 qui
657 811 793 853 rem
841 811 880 852 a
923 791 1193 872 parente
1246 789 1553 853 traditam
1606 809 1722 872 per
1778 809 1846 852 se
1900 790 2122 852 tenere

204 881 501 963 possent,
564 878 843 943 honores
901 877 1248 942 ordinatim
1302 877 1567 961 petituri
1623 879 1863 960 essent,
1925 877 1997 941 in
2051 899 2122 942 re

204 968 490 1053 publica,
543 967 614 1030 in
661 968 1013 1031 amicorum
1058 966 1340 1052 negotiis
1387 965 1684 1030 libertate
1732 986 1849 1030 sua
1893 965 2121 1030 usuri?

206 1057 358 1141 quid
403 1056 637 1121 horum
681 1056 833 1139 fuit,
883 1054 1056 1140 quod
1099 1077 1263 1138 non,
1308 1055 1686 1139 priusquam
1733 1054 1956 1119 datum
2004 1059 2122 1139 est,

206 1147 576 1230 ademptum
625 1144 753 1209 sit?
842 1144 976 1227 „At
1018 1165 1169 1209 vero
1216 1144 1459 1208 malum
1485 1146 1608 1209 'est
1649 1144 1887 1209 liberos
1935 1143 2120 1208 amit·

202 1232 397 1300 tere.“
481 1234 752 1300 Malum:
807 1234 935 1298 nisi
978 1233 1103 1298 hoc
1147 1233 1331 1317 peius
1378 1236 1495 1317 est,
1537 1232 1699 1297 haec
1744 1232 2008 1297 sufferre
2056 1238 2122 1297 et

134 1338 169 1385 4
203 1324 470 1409 perpeti.
571 1323 746 1399 Quae
810 1344 912 1387 res
964 1289 1135 1386 inihi
1199 1343 1334 1386 non
1387 1321 1773 1386 mediocrem
1828 1322 2119 1387 consola-

202 1414 450 1478 tionem
496 1413 810 1497 attulerit,
864 1411 1012 1476 volo
1068 1410 1188 1475 tibi
1244 1432 1770 1495 commemorare,
1834 1411 1889 1475 si
1946 1410 2118 1475 forte

204 1503 429 1567 eadem
483 1523 586 1567 res
640 1501 761 1566 tibi
816 1500 1103 1565 dolorem
1155 1499 1444 1564 minuere
1498 1500 1721 1584 possit.
1810 1497 1913 1564 Ex
1957 1498 2119 1565 Asia

202 1592 456 1657 rediens
512 1611 711 1673 quum
765 1590 846 1653 ab
893 1587 1149 1674 Aegina
1194 1588 1528 1673 Megaram
1582 1610 1804 1653 versus
1849 1589 2116 1675 naviga-

202 1701 358 1764 rem,
396 1679 576 1762 coepi
612 1679 910 1762 regiones
948 1678 1357 1743 circumcirca
1390 1678 1781 1762 prospicere:
1827 1681 1980 1761 post
2016 1699 2117 1742 me

205 1771 344 1832 erat
406 1766 687 1853 Aegina,
760 1770 911 1831 ante
975 1788 1078 1831 me
1140 1765 1434 1853 Megara,
1509 1766 1732 1831 dextra
1793 1764 2120 1853 PiraeeuS,

204 1857 467 1921 sinistra
523 1854 900 1940 Corinthus,
964 1877 1127 1942 quae
1193 1857 1430 1940 oppida
1492 1857 1771 1938 quodam
1825 1859 2121 1940 tempore

201 1945 659 2011 florentissima
703 1945 984 2028 fuerunt,
1027 1965 1202 2010 nunc
1237 1947 1565 2030 prostrata
1603 1947 1670 2009 et
1705 1945 1918 2009 diruta
1964 1949 2121 2010 ante

203 2035 424 2100 oculos
468 2034 697 2099 iacent.
790 2032 989 2119 Coepi
1045 2037 1303 2120 egomet
1354 2055 1606 2099 mecum
1665 2033 1758 2099 sic
1803 2034 2120 2119 cogitare:

201 2124 410 2208 „heml
461 2145 582 2189 nos
625 2123 1002 2189 homunculi
1045 2123 1482 2208 indignamur,
1527 2123 1583 2187 si
1629 2123 1771 2207 quis
1817 2125 2116 2188 nostrum

201 2212 450 2276 interiit
502 2217 616 2278 aut
670 2213 916 2278 occisus
972 2214 1098 2298 est,
1152 2233 1426 2296 quorum
1479 2211 1615 2275 vita
1665 2211 1921 2276 brevior
1974 2233 2119 2278 esse

202 2301 417 2385 debet,
477 2324 675 2387 quum
727 2324 859 2367 uno
915 2302 1058 2367 loco
1103 2303 1208 2365 tot
1252 2300 1559 2384 oppidum
1614 2299 1925 2365 cadavera
1968 2323 2119 2384 pro·

201 2389 369 2454 iecta
412 2391 669 2455 iacent?
759 2390 962 2455 Visne
1007 2393 1081 2454 tu
1125 2391 1219 2474 te,
1266 2386 1472 2472 Servi,
1530 2388 1827 2454 cohibere
1875 2392 1941 2453 et
1983 2411 2118 2454 me·

199 2479 465 2543 minisse
527 2479 856 2543 hominem
919 2481 984 2543 te
1049 2499 1188 2542 esse
1251 2475 1568 2542 natum‘?“
1670 2475 1869 2542 Crede
1934 2478 2120 2562 mihi,

201 2567 595 2653 cogitatione
660 2589 736 2631 ea
798 2589 933 2633 non
996 2565 1403 2630 mediocriter
1466 2587 1609 2631 sum
1677 2565 2119 2632 confirmatuS.

199 2655 343 2721 Hoc
389 2656 577 2739 idem,
624 2656 679 2720 si
724 2655 844 2719 tibi
889 2655 1157 2738 videtur,
1202 2655 1306 2736 fac
1354 2658 1503 2720 ante
1551 2655 1771 2719 oculos
1809 2655 1930 2719 tibi
1967 2678 2118 2740 pro·

198 2745 433 2829 ponas:
495 2744 688 2810 modo
744 2765 875 2808 uno
933 2748 1224 2828 tempore
1288 2747 1390 2808 tot
1445 2744 1567 2808 viri
1622 2743 1960 2808 clarissimi
2017 2745 2117 2808 in·

199 2835 532 2917 terierunt,
574 2833 651 2898 de
688 2832 956 2917 imperio
985 2833 1211 2917 populi
1237 2831 1517 2898 Romani
1544 2835 1730 2897 tanta
1750 2833 2115 2899 deminutio

199 2923 376 2987 facta
421 2925 546 3006 est,
601 2944 824 2987 omnes
882 2922 1251 3006 provinciae
1299 2925 1764 3005 conquassatae
1812 2925 1991 3005 sunt3
2045 2923 2118 2986 in

199 3012 392 3075 unius
428 3012 836 3077 mulierculae
876 3012 1162 3076 animula
1198 3011 1252 3076 si
1288 3009 1538 3075 iactura
1562 3011 1738 3075 facta
1775 3014 1890 3095 est,
1924 3013 2115 3076 tanto
2151 3012 2154 3017 ’
2203 3068 2206 3069 ⁷

203 3120 393 3182 opere
441 3100 904 3166 commoveris?
950 3122 1113 3185 quae
1161 3101 1216 3166 si
1260 3099 1385 3164 hoc
1429 3103 1717 3184 tempore
1763 3120 1897 3164 non
1944 3099 2117 3164 diem

203 3207 391 3250 suum
439 3186 706 3272 obisset,
761 3189 982 3273 paucis
1027 3193 1180 3273 post
1226 3188 1412 3251 annis
1457 3191 1679 3252 tamen
1734 3189 1793 3253 ei
1838 3188 2108 3254 morien-

131 3284 164 3332 ὅ
205 3274 356 3338 dum
411 3272 563 3357 fuit,
620 3278 925 3359 quoniam
977 3277 1174 3342 homo
1230 3279 1387 3340 nata
1440 3277 1669 3341 fuerat.
1766 3275 1985 3341 Etiam
2040 3280 2112 3341 tu

345 3464 447 3531 Ep.
488 3468 537 3534 5,
568 3470 616 3518 4.
695 3465 961 3522 Piraeeus
1001 3468 1152 3538 (012).
1230 3467 1468 3524 Piraeus
1503 3469 1633 3523 ΜΒ.
