2338 3691
691 145 1209 202 EPISTOLARUM
1243 147 1338 202 IX.
1378 153 1462 201 24.
1504 153 1587 201 25.
1963 146 2094 210 293

180 288 415 375 Pyrrhi
457 294 523 355 te
568 292 768 357 libros
815 296 881 357 et
926 290 1161 358 Cineae
1206 292 1391 357 video
1437 292 1778 357 lectitasse.
1867 291 2094 376 Itaque

184 379 627 464 obtemperare
692 381 906 466 cogito
971 381 1329 465 praeceptis
1392 381 1549 464 tuis,
1610 381 1736 446 hoc
1800 381 2095 466 amplius„

182 469 625 534 navicularum
663 469 901 534 habere
940 469 1182 554 aliquid
1216 470 1288 534 in
1326 491 1439 535 ora
1473 470 1822 534 maritima:
1868 474 2095 534 contra

183 557 465 641 equitem
508 557 824 622 Parthum
876 561 1123 712 negant
1176 559 1375 623 ullam
1429 563 1822 624 armaturam
1875 559 2093 623 melio-

182 667 320 709 rem
364 647 642 711 inveniri
686 668 894 731 posse.
1013 647 1092 711 ed
1138 647 1293 730 quid
1328 647 1654 712 ludimus?
1697 648 1928 731 nescia,
1967 667 2093 730 quo

184 755 332 799 cum
364 735 755 819 imperatore
790 736 911 800 tibi
945 736 1282 821 negotium
1320 735 1428 799 sit:
1476 732 1789 797 παιδείαν
1830 731 2089 815 Κύρου,

184 844 381 907 quam
444 825 829 889 contrieram
889 825 1164 910 legendo
1175 875 1194 909 ‚
1256 827 1463 889 totam
1524 823 1595 887 in
1646 823 1772 888 hoc
1823 823 2093 907 imperio

183 912 516 996 explicavi.
625 911 749 978 Sed
811 914 1171 979 iocabimur
1233 914 1391 977 alias
1456 933 1699 996 coram,
1760 915 1837 976 ut
1887 934 2095 996 spero,
2131 928 2163 975 2

183 1000 365 1066 brevi
407 1005 726 1086 tempore:
788 1023 962 1067 nunc
1018 1003 1169 1067 ades
1226 1002 1307 1066 ad
1365 1001 1812 1085 imperandum
1864 1002 1967 1065 vel
2013 1000 2095 1065 ad

182 1091 543 1174 parendum
604 1091 846 1176 potius,
918 1092 1010 1156 sic
1083 1091 1257 1155 enim
1329 1090 1579 1173 antiqui
1649 1090 2095 1174 loquebantur.

186 1175 351 1243 Cum
394 1178 484 1244 M.
527 1178 759 1266 Fadio,
812 1181 984 1264 quod
1038 1180 1201 1245 scire
1244 1184 1309 1244 te
1356 1179 1659 1263 arbitror,
1712 1178 1873 1242 mihi
1926 1200 2095 1243 sum-

166 1289 329 1332 ·mus
375 1289 532 1333 usus
578 1272 704 1354 est,
757 1269 1066 1353 valdeque
1121 1290 1268 1333 eum
1324 1268 1523 1353 diligo
1582 1289 1781 1351 quum
1833 1270 2097 1350 propter

187 1377 506 1422 summam
548 1358 939 1443 probitatem
982 1359 1118 1423 eius
1156 1379 1232 1422 ac
1269 1357 1664 1442 singularem
1698 1355 2099 1440 modestiam,

184 1448 327 1509 tum
374 1446 547 1529 quod
589 1447 662 1511 in
703 1447 786 1511 iis
826 1446 1300 1531 controversum,
1344 1467 1503 1530 quas
1537 1445 1748 1511 habeo
1785 1466 1932 1508 cum
1965 1444 2097 1508 tuis

187 1534 681 1600 combibonibus
707 1535 1046 1620 Epicurii8‚
1082 1536 1330 1619 optima
1366 1556 1561 1618 opera
1596 1534 1733 1598 eius
1769 1533 1867 1598 uti
1903 1533 2097 1598 soleo.

187 1620 254 1687 Is
300 1645 500 1707 quum
546 1625 628 1688 ad
671 1646 776 1689 me
811 1624 1197 1689 Laodiceam
1230 1623 1516 1688 venisset
1552 1643 1929 1705 mecumque
1974 1642 2096 1707 ego
2134 1636 2166 1685 3

189 1732 336 1776 eum
382 1734 522 1778 esse
565 1714 822 1797 vellem,
866 1717 1129 1797 repente
1165 1734 1507 1797 percussus
1544 1714 1644 1776 est
1679 1709 2096 1776 atrocissimis

189 1800 450 1887 litteris,
502 1802 574 1867 in
628 1801 858 1886 quibus
913 1802 1223 1886 scriptum
1278 1804 1418 1867 erat
1472 1800 1746 1866 fundum
1787 1798 2095 1866 Hercula-

189 1911 458 1955 nensem
520 1914 560 1955 a
614 1890 686 1967 Q.
730 1890 932 1956 Fadio
995 1891 1199 1956 fratre
1263 1891 1695 1975 proscriptum
1756 1912 1924 1975 esse,
1987 1890 2096 1974 qui

189 1978 430 2044 fundus
477 2001 626 2044 cum
670 2001 745 2044 eo
792 1980 1151 2045 communis
1189 1984 1375 2045 esset.
1445 1978 1523 2044 Id
1556 1978 1645 2043 Μ.
1681 1977 1921 2043 Fadius
1955 2000 2095 2062 per·

191 2069 474 2153 graviter
524 2068 679 2132 tulit
729 2069 1241 2153 existimavitque
1293 2069 1562 2133 fratrem
1617 2090 1832 2152 suum,
1890 2067 2097 2132 homi·

190 2176 338 2220 nem
393 2178 529 2221 non
592 2157 995 2243 sapientem„
1027 2157 1310 2241 impulsu
1372 2157 1776 2221 inimicorum
1837 2177 2099 2220 suorum

192 2265 266 2309 eo
310 2266 727 2329 progressum
771 2268 927 2311 esse.
1005 2244 1218 2331 Nunc,
1263 2246 1318 2310 si
1360 2267 1464 2309 me
1511 2267 1707 2328 amas,
1752 2244 1840 2308 mi
1885 2243 2099 2329 Paete,

190 2334 525 2418 negotium
587 2338 798 2399 totum
862 2335 1140 2419 suscipe3
1204 2335 1502 2399 molestia
1552 2332 1824 2397 Fadium
1877 2332 2097 2397 libera.

190 2421 595 2487 Auctoritate
639 2427 755 2488 tua
796 2423 987 2489 nobis
1032 2445 1197 2507 opus
1242 2428 1343 2488 est
1375 2427 1443 2488 et
1478 2422 1747 2486 consilio
1792 2424 1859 2485 et
1903 2422 2098 2485 etiam

192 2512 427 2595 grafia:
473 2513 610 2577 noli
652 2512 791 2596 pati
834 2512 1090 2598 litigare
1134 2513 1371 2576 fratres
1414 2515 1480 2575 et
1512 2511 1764 2575 iudiciis
1799 2510 2097 2593 turpibus

191 2599 573 2682 conflictari3
633 2600 966 2665 Matonem
1020 2604 1087 2665 et
1127 2599 1488 2665 Pollionem
1550 2599 1844 2664 inimicos
1901 2598 2100 2662 habet

189 2686 447 2753 Fadius
538 2688 705 2765 Quid
749 2688 996 2754 multa?
1054 2711 1192 2754 non
1244 2689 1605 2753 mehercule
1648 2691 1786 2752 tam
1830 2687 2097 2771 perscri-

188 2776 340 2841 bere
384 2799 670 2862 possum‚
713 2800 908 2862 quam
941 2778 1103 2842 mihi
1137 2782 1398 2864 gratum
1432 2776 1679 2854 feceri5‚
1717 2776 1780 2839 si
1815 2775 2092 2840 otiosum

188 2863 463 2929 Fadium
506 2866 882 2931 reddideris:
928 2866 994 2931 id
1037 2867 1145 2931 ille
1190 2868 1263 2931 in
1305 2870 1370 2931 te
1406 2866 1690 2949 positum
1727 2885 1866 2928 esse
1910 2867 2101 2948 putat

187 2953 474 3038 mihique
517 2955 879 3039 persuadet.

329 3180 436 3254 Ep.
474 3185 561 3251 25,
590 3188 638 3237 1.
712 3181 1039 3238 contrieram
1075 3181 1210 3252 (M).
1285 3182 1643 3237 contriverant
1678 3179 1865 3253 vulgo.
