2338 3691
258 165 403 228 464
836 164 909 218 Μ.
950 162 1196 217 TULLII
1233 161 1613 217 CICERONIS

185 323 229 372 2
262 310 560 374 Anneius
605 309 686 373 ad
731 328 833 371 me
877 307 1098 371 redeat
1141 309 1411 391 oportet.
1500 305 1697 389 Illud,
1752 306 1923 390 quod
1967 308 2178 371 tecum

262 403 334 462 et
389 420 602 462 coram
658 400 724 460 et
774 417 891 480 per
950 396 1200 460 litteras
1264 395 1751 480 diligentissime
1805 395 1936 480 egi,
1994 394 2064 459 id
2118 397 2179 458 et

259 507 441 550 nunc
503 485 699 549 etiam
762 488 953 569 atque
1019 485 1215 548 etiam
1268 506 1427 570 rogo
1436 535 1454 566 ‚
1518 505 1707 548 curae
1759 483 1881 549 tibi
1937 483 2050 566 sit,
2112 486 2182 547 ut

262 596 455 639 suum
508 574 870 659 negotium,
893 572 1088 658 quod
1130 573 1330 638 habet
1374 595 1520 637 cum
1562 573 1802 657 populo
1851 569 2180 654 Sal-diane,

261 684 384 746 pro
431 684 659 727 causae
704 661 972 726 veritate
1036 665 1101 727 et
1155 683 1275 746 pro
1331 683 1447 726 sua
1501 660 1814 746 dignitate
1870 660 2182 726 conficiat.

262 751 566 815 Intellexi
620 773 697 815 ex
749 755 864 815 tua
919 750 1236 831 oratione,
1291 773 1488 835 quum
1540 753 1755 814 tecum
1798 748 2050 833 Ephesi
2093 750 2181 814 lo-

261 842 454 903 cutus
501 862 661 924 sum,
704 843 770 904 te
814 839 1017 922 ipsius
1061 838 1148 904 M.
1195 838 1435 903 Anneii
1489 860 1682 903 causa
1727 837 1946 902 omnia
1988 838 2181 920 velle3

262 928 382 992 sed
434 931 653 993 tamen
708 928 799 994 sic
851 928 1044 992 velim
1098 928 1452 1008 existimes,
1505 930 1572 991 te
1626 927 1787 991 mihi
1829 927 1995 991 nihil
2044 947 2181 1012 gra-

262 1016 398 1082 tius
443 1017 650 1082 facere
693 1037 884 1100 posse
939 1039 1134 1101 quam
1189 1016 1245 1080 si
1288 1016 1663 1081 intellexero
1717 1037 1833 1100 per
1887 1019 1954 1080 te
2000 1016 2183 1079 illum

259 1127 458 1169 suum
501 1107 837 1190 negotium
874 1127 952 1169 ex
989 1105 1310 1170 sententia
1346 1104 1714 1188 confecisse,
1757 1104 1949 1188 idque
1988 1126 2184 1189 quam

255 1194 548 1280 primum
592 1197 668 1259 ut
712 1194 950 1260 efficias
993 1197 1058 1259 te
1105 1194 1301 1259 etiam
1347 1196 1539 1278 atque
1584 1193 1780 1258 etiam
1824 1213 2004 1277 rogo·
2123 1258 2131 1274 ,

1097 1388 1342 1469 XVIII·

484 1500 597 1556 Scr.
635 1502 696 1556 in
731 1500 1022 1571 provincia
1054 1518 1244 1556 mense
1271 1500 1578 1556 Februario
1606 1517 1658 1555 a.
1686 1519 1739 1554 u.
1769 1517 1815 1554 e.
1847 1504 1967 1556 704.

372 1626 451 1681 M.
489 1625 746 1682 CICERO
785 1625 843 1680 C.
882 1625 1080 1681 TITIO
1118 1625 1181 1679 L.
1218 1625 1280 1679 F.
1327 1624 1521 1679 RUFO
1568 1624 1681 1678 PR..
1717 1624 1883 1678 URB.
1922 1623 2080 1679 SAL.

402 1726 473 1791 L.
530 1725 857 1794 Custidius
912 1729 1012 1790 est
1062 1724 1319 1789 tribulis
1373 1728 1438 1790 et
1493 1724 1823 1808 municeps
1879 1727 1946 1788 et
1999 1725 2182 1790 fami-

256 1816 447 1880 liaris
493 1837 703 1880 meus:
762 1815 818 1879 is
864 1836 1124 1880 causam
1176 1814 1399 1897 habet,
1447 1835 1641 1899 quam
1684 1835 1946 1879 causam
1991 1815 2079 1879 ad
2121 1817 2183 1879 te

256 1904 528 1969 deferet.
619 1902 1014 1969 Commendo
1069 1902 1192 1968 tibi
1244 1903 1603 1986 hominem,
1659 1903 1826 1967 sicut
1866 1906 1982 1967 tua
2029 1904 2182 1968 fides

256 1997 336 2056 -et
387 2013 568 2056 meus
619 1992 829 2076 pudor
877 1992 1189 2075 postulat,
1252 1994 1534 2074 tantum,
1596 1994 1671 2056 ut
1713 1991 1935 2055 faciles
1991 1993 2078 2058 ad
2118 1995 2183 2056 te

261 2081 484 2145 aditus
527 2081 789 2163 habeat,
830 2101 992 2164 quae
1039 2101 1244 2165 aequa
1288 2079 1668 2164 postulabit,
1713 2081 1788 2143 ut
1831 2080 2076 2145 libente
2119 2083 2182 2143 te

260 2169 572 2253 impetret
634 2168 995 2253 sentiatqoe
1057 2190 1269 2232 meam
1343 2168 1466 2233 sibi
1539 2167 1914 2252 amicitiam,
1987 2169 2182 2233 etiam

258 2280 469 2342 quum
494 2258 869 2343 longissime
907 2257 1132 2339 absim,
1168 2258 1490 2341 prodesse,
1526 2257 1597 2321 in
1630 2256 1856 2340 primis
1895 2258 2069 2341 apud
2103 2261 2181 2321 te.

1140 2467 1308 2534 LIX.

334 2579 456 2635 Ser.
504 2580 812 2637 Laodiceae
858 2597 1047 2636 mense
1091 2580 1398 2707 Februazibig
1446 2581 1664 2650 (eodem
1710 2579 1826 2646 die,
1872 2595 1985 2648 quo
2022 2581 2115 2648 58)

1024 2668 1093 2706 a..
1111 2671 1164 2706 u.
1205 2669 1251 2706 c.
1398 2693 1410 2705 .

399 2774 474 2830 M.
515 2773 771 2831 CICERO
811 2773 868 2830 O.
907 2775 1177 2831 CURTIO
1217 2773 1708 2830 PEDUCAEANO
1745 2774 1856 2829 PR.
1896 2772 2047 2828 SAL.

400 2874 487 2940 M.
532 2874 807 2941 Fadium
842 2876 1030 2941 unice
1067 2876 1266 2961 diligo
1307 2895 1685 2959 summaque
1720 2873 1886 2938 mihi
1923 2894 2071 2938 cum
2108 2891 2182 2935 eo

175 2987 179 2990 “
258 2965 662 3029 consuetudo
727 2968 793 3030 et
852 2964 1257 3029 familiaritas
1322 2966 1422 3029 est
1480 2964 1797 3047 pervetuS.
1903 2960 1986 3027 In
2047 2960 2182 3024 eius

264 3053 720 3118 controversiis
767 3054 922 3139 quid
966 3054 1295 3136 decernas,
1352 3074 1392 3116 a
1433 3055 1500 3116 te
1544 3072 1680 3115 non
1722 3054 1875 3135 peto
1923 3086 2007 3096 —
2054 3069 2182 3114 ser-

266 3139 479 3222 vabis,
525 3144 598 3204 ut
639 3145 755 3205 tua
796 3142 954 3205 fides
1000 3147 1066 3207 et
1110 3142 1392 3226 dignitas
1437 3140 1750 3223 postulat,
1796 3139 2076 3203 edictum
2122 3138 2185 3201 et

261 3225 640 3291 institutum
683 3234 867 3294 tuum
914 3266 1018 3314 -‚
1064 3231 1201 3313 sed,
1248 3234 1323 3294 ut
1367 3251 1562 3315 quam
1606 3228 1947 3293 facillimos
1993 3226 2076 3291 ad
2119 3228 2182 3289 te

412 3429 515 3500 Ep.
554 3439 638 3499 5⁷,
667 3441 716 3489 2.
790 3438 891 3506 eyi,
927 3438 990 3493 id
1023 3443 1074 3493 et
1108 3454 1259 3492 nunc
1293 3438 1427 3507 (M.).
1500 3438 1602 3507 eyi,
1639 3442 1688 3492 te
1723 3453 1874 3491 nunc
1901 3436 1963 3490 B.
2004 3437 2087 3502 (e.,
2122 3432 2183 3487 id

258 3502 321 3552 *ὸ
355 3498 456 3568 Ῑ’·).
495 3532 560 3540 -
598 3504 756 3561 illum
786 3522 949 3563 cuum
983 3525 1100 3579 neq.
1140 3508 1292 3576 (W.).
1365 3509 1401 3562 i.
1441 3509 1624 3577 ipewm
1658 3525 1713 3562 n.
1750 3507 1844 3575 M„
1883 3506 2073 3577 vulgo.
