2338 3691
209 112 336 179 358
782 107 855 168 M.
893 79 1136 162 TULL‘n
1172 103 1557 161 o1cnaoms

214 263 508 330 constitit
549 280 880 345 nusquam,
926 259 1294 344 priusquam
1339 259 1422 325 ad
1464 258 1652 325 Vada
1692 260 1901 344 venit3
1944 280 2137 345 quem

211 348 421 413 locum
480 347 623 412 volo
675 345 797 409 tibi
852 364 990 409 esse
1041 348 1299 409 notum:
1364 344 1533 410 iacet
1581 345 1753 410 inter
1803 346 2137 429 Appenni·

210 454 369 497 num
435 434 499 496 et
541 430 738 514 Alpes
752 478 773 513 ,
838 428 1361 512 impeditissimus
1425 429 1506 495 ad
1562 430 1687 495 iter
1747 429 2134 495 faciendum.

147 523 180 574 3
214 516 423 593 Quum
461 516 746 581 abessem
793 513 873 578 ab
918 534 994 579 eo
1037 513 1219 580 milia
1260 534 1564 599 passuum
1591 536 1739 580 xxx.
1784 518 1851 579 et
1893 535 1962 579 se
2003 515 2135 580 iam

213 599 554 665 Ventidius
608 598 1076 683 coniunxisset,
1135 599 1357 665 concio
1410 599 1544 664 eius
1600 599 1681 664 ad
1734 619 1838 665 me
1892 603 1991 664 est
2043 600 2136 664 al-

214 687 375 765 lata,
433 686 505 750 in
562 705 686 769 qua
726 687 944 769 petere
989 684 1201 768 coepit
1245 705 1284 748 a
1324 683 1667 767 militibus,
1726 688 1800 749 ut
1842 705 1911 749 se
1954 686 2135 763 trans

213 770 413 854 Alpes
468 772 909 854 sequerentur3
966 769 1089 834 sibi
1142 790 1288 835 cum
1340 767 1429 839 M.
1481 767 1724 854 Lepido
1777 770 2134 834 convenire.

215 854 682 920 Succlamatum
747 857 846 919 est
903 853 964 921 ei
1015 854 1388 938 frequenter
1441 875 1480 917 a
1535 853 1850 920 militibus
1905 853 2137 919 Venti—

214 938 422 1004 dianis
475 975 562 988 -
615 960 766 1003 nam
822 958 971 1005 suos
1024 937 1209 1003 valde
1265 959 1455 1022 quam
1506 960 1747 1023 paucos
1789 939 1985 1004 habet
2030 979 2135 1023 —‚

214 1024 339 1089 sibi
394 1028 508 1089 aut
557 1024 626 1088 in
669 1022 862 1088 Italia
917 1022 1311 1108 pereundum
1365 1044 1503 1088 esse
1557 1027 1670 1089 aut
1723 1022 2135 1107 vincendum,

214 1112 282 1173 et
345 1128 525 1174 orare
594 1112 971 1193 coeperunt,
1045 1110 1120 1172 ut
1182 1105 1565 1172 Pollentiam
1628 1110 1753 1174 iter
1822 1108 2131 1175 facerent.

214 1192 424 1269 Quum
475 1191 789 1259 sustinere
843 1213 953 1259 eos
995 1212 1132 1258 non
1174 1195 1423 1276 posset,
1476 1193 1550 1257 in
1591 1197 1921 1278 posterum
1964 1194 2134 1259 diem

146 1291 182 1341 4
214 1278 338 1344 iter
389 1299 574 1343 suum
629 1277 918 1345 contulit.
1023 1276 1169 1342 Hac
1224 1297 1294 1342 re
1346 1275 1506 1342 mihi
1558 1278 1855 1343 nuntiata
1913 1280 2133 1344 statim

213 1366 494 1449 quinque
537 1362 825 1428 cohortes
853 1362 1245 1430 Pollentiam
1333 1362 1590 1427 raemisi
1633 1384 1844 1429 meum
1889 1385 1968 1429 ue
2011 1364 2136 1430 iter

215 1469 290 1513 eo
335 1448 611 1514 contuli:
671 1446 829 1513 hora
870 1451 1021 1512 ante
1062 1446 1272 1530 praesi
1318 1448 1450 1511 ium
1492 1468 1704 1513 meum
1746 1447 1862 1513 Pol
1890 1450 2134 1516 entiam

213 1535 389 1598 venit
420 1554 611 1617 quam
633 1531 987 1598 Trebellius
1017 1553 1159 1597 cum
1191 1531 1528 1615 equitibus.
1582 1531 1751 1598 Sane
1773 1554 1962 1617 quam
1992 1555 2132 1600 sum

261 1621 503 1701 avisus;
535 1618 606 1682 in
635 1616 759 1683 hoc
794 1617 968 1683 enim
996 1617 1331 1682 victoriam
1359 1619 1516 1700 puto
1547 1619 1891 1682 consistere
1924 1618 2131 1685 ****.

210 1640 290 1768 ῗῑι
348 1723 527 1787 spem
578 1706 918 1781 venerant,
975 1701 1144 1785 quod
1190 1721 1396 1785 neque
1438 1699 1664 1767 Planci
1707 1706 2007 1787 quattuor
2045 1703 2132 1770 le·

213 1788 436 1872 giones
492 1786 788 1854 omnibus
844 1787 974 1852 suis
1031 1786 1233 1885 copiis
1276 1806 1462 1870 pares
1505 1787 1979 1853 arbitrabantur
2022 1810 2130 1855 ne·

211 1893 334 1956 que
387 1894 464 1937 ex
508 1871 701 1936 Italia
748 1874 883 1937 tam
936 1871 1228 1936 celenter
1282 1873 1633 1936 exercitum
1688 1873 1900 1937 traiici
1941 1894 2132 1958 posse

210 1956 577 2022 credebant.
678 1954 847 2031 Quos
901 1956 1025 2040 ipsi
1081 1956 1288 2021 adhuc
1331 1955 1487 2021 satis
1532 1960 1914 2042 arroganter
1955 1959 2131 2024 Allo·

212 2041 442 2127 broges
499 2041 820 2125 equitatus
866 2061 946 2105 ue
998 2040 1239 2123 omnis,
1295 2040 1406 2124 qui
1448 2061 1524 2105 eo
1566 2042 1951 2125 praemissus
1994 2048 2134 2109 erat

203 2147 253 2190 a
305 2121 517 2205 nobis,
586 2063 1022 2206 sustinebant,
1090 2129 1309 2191 nostro
1353 2144 1433 2189 ue
1497 2125 1772 2191 adventu
1827 2126 2132 2195 sustineri

213 2210 463 2276 facilius
526 2230 715 2294 posse
779 2209 1175 2276 confidimus.
1284 2146 1526 2274 'famen
1543 2260 1562 2293 ‚
1630 2211 1684 2276 si
1744 2232 1870 2296 quo
1935 2213 2133 2278 etiam

213 2316 366 2360 casu
419 2294 663 2360 Isaram
717 2316 785 2360 se
837 2294 1241 2377 traiecerint,
1307 2315 1391 2358 ne
1447 2295 1617 2379 quod
1682 2295 2133 2364 detrimentum

212 2379 305 2443 rei
370 2380 666 2463 publicae
729 2379 1107 2466 iniungant,
1183 2399 1431 2444 summa
1507 2402 1546 2444 a
1614 2380 1803 2446 nobis
1875 2381 2132 2449 dabitur

145 2487 179 2539 6
213 2484 425 2548 opera.
530 2463 668 2530 Vos
730 2486 838 2530 ma
886 2485 1042 2529 num
1106 2464 1390 2530 animum
1454 2465 1885 2551 optimamque
1949 2488 2132 2552 spem

212 2549 291 2614 de
333 2570 581 2614 summa
620 2570 691 2613 re
732 2550 864 2633 pub
891 2550 992 2615 ica
1032 2548 1269 2614 habere
1310 2548 1621 2630 volumuS,
1667 2572 1860 2635 quum
1902 2555 1967 2617 et
2008 2574 2131 2619 nos

210 2637 277 2699 et
332 2634 646 2701 exereitus
699 2638 956 2700 nostros
1011 2632 1328 2719 singulari
1371 2634 1710 2701 concordia
1755 2636 2130 2704 coniunctos

210 2718 292 2783 ad
357 2719 573 2784 omnia
634 2739 751 2803 pro
812 2719 997 2785 vobis
1059 2718 1326 2784 videatis
1388 2724 1680 2805 paratos3
1742 2721 1851 2785 sed
1912 2724 2129 2788 tamen

208 2804 373 2870 nihil
438 2806 516 2871 de
581 2804 920 2889 diligentia
972 2803 1302 2869 remittere
1355 2804 1600 2871 debetis
1652 2804 1927 2890 dareque
1980 2828 2128 2893 ope-

342 2988 441 3058 Ep.
469 2997 551 3058 13,
578 2996 626 3045 3.
650 2993 703 3045 et
724 3005 781 3044 se
802 2990 915 3044 iam
946 2987 1011 3045 V.
1038 2988 1173 3056 (M.).
1222 2994 1274 3043 et
1306 3004 1362 3043 se
1385 2989 1438 3044 ei
1458 2989 1576 3045 iam
1598 2991 1660 3044 B.
1719 2996 1769 3049 4.
1793 3005 1936 3049 cons.
1963 2991 2125 3050 ****.

215 3054 346 3111 Ven.
406 3056 613 3125 (Frey).
709 3055 934 3111 Excidit
984 3073 1186 3133 unum·
1212 3055 1436 3123 folium,
1496 3073 1609 3125 quo
1664 3059 1942 3127 posterior
1995 3076 2127 3129 pars

209 3138 301 3190 ep.
354 3128 434 3188 13,
457 3141 492 3178 a
552 3125 614 3178 et
661 3123 825 3206 prior
880 3124 974 3192 (de
1027 3122 1191 3178 Bruti
1252 3140 1379 3178 oum
1432 3122 1640 3180 Planco
1710 3125 2128 3197 coniunctione)

206 3204 478 3310 Βὲξῖοθὲὲ
509 3190 1462 3315 {2542005231022303110.¹‘¹·itm
1475 3196 1605 3314 ’Πέή
1645 3192 1906 3316 3335'01„
1918 3196 2128 3319 ⁹222:

208 3321 352 3389 tum)
379 3323 813 3381 continebantur
836 3327 1047 3395 (Frey).
1091 3276 1273 3395 ffufgo
1311 3327 1431 3382 sine
1454 3300 1687 3383 lacunae
1710 3278 1889 3399 sigub.
1908 3300 1923 3330 ’
