2338 3691
653 153 1168 209 EPISTOLARUM
1205 154 1351 209 XIV.
1395 156 1620 208 12-16.
1966 152 2098 216 493

173 297 376 363 modo
428 301 504 362 ut
556 298 718 363 haec
769 298 959 364 nobis
1013 299 1159 363 loca
1210 302 1431 363 tenere
1475 298 1699 382 liceat,
1751 297 2100 376 bellissime

180 386 289 450 vel
341 407 594 452 mecum
647 387 750 451 vel
803 388 873 451 in
936 387 1176 452 nostris
1241 386 1521 471 praediis
1586 407 1725 451 esse
1788 385 2101 469 poteritis.

180 474 403 538 Etiam
449 475 611 539 illud
655 476 1003 540 verendum
1050 477 1165 559 est,
1211 496 1294 540 ne
1338 476 1518 541 brevi
1563 478 1852 558 tempore
1895 474 2102 539 fames

179 563 255 627 in
307 564 468 628 urbe
525 564 626 627 sit.
715 562 836 628 His
893 563 971 628 de
1025 564 1216 629 rebus
1271 565 1464 629 velim
1523 585 1670 628 cum
1722 561 2102 647 Pomponi0‚
2137 580 2171 630 2

178 672 329 717 cum
376 648 677 737 Camillo,
723 673 867 717 cum
915 652 1146 736 quibus
1193 652 1376 718 vobis
1422 652 1769 736 videbitur,
1815 650 2101 716 conside·

185 740 362 822 retiS‚
409 740 491 804 ad
539 762 856 805 summam
901 742 1117 805 animo
1172 742 1329 806 forti
1374 741 1541 806 sitis:
1594 740 1920 805 Labienus
1964 760 2102 803 rem

181 828 516 892 meliorem
561 829 742 911 fecit3
798 829 1062 894 adiuvat
1115 830 1311 893 etiam
1353 828 1533 913 Piso,
1588 828 1758 913 quod
1813 828 1895 893 ab
1941 827 2101 892 urbe

185 915 461 980 discedit
495 920 561 980 et
596 918 852 982 sceleris
899 918 1288 982 condemnat
1322 938 1634 1003 generum
1669 938 1874 982 suum.
1944 915 2103 999 Vos,

186 1025 370 1068 meae
424 1005 788 1070 carissimae
848 1006 1126 1090 animae,
1182 1028 1378 1090 quam
1432 1005 1804 1089 saepissime
1858 1004 1940 1069 ad
1998 1025 2101 1068 me

189 1091 476 1178 scribite,
538 1097 603 1157 et
663 1116 779 1159 vos
844 1094 997 1178 quid
1060 1095 1271 1179 agatis
1327 1097 1393 1159 et
1445 1093 1598 1178 quid
1651 1093 1798 1158 istic
1851 1094 2102 1178 agatur.

189 1177 469 1254 Quintus
513 1184 697 1265 pater
742 1185 808 1246 et
850 1182 1021 1246 filius
1068 1186 1134 1247 et
1166 1182 1378 1247 Rufus
1415 1182 1598 1247 vobis
1636 1203 1686 1246 s.
1722 1181 1783 1247 d.
1852 1179 2104 1245 Valete.

188 1285 328 1332 vm.
374 1268 517 1334 Kal.
562 1269 932 1335 Minturnis,

1073 1464 1217 1530 XV.

401 1574 517 1630 Ser.
554 1574 840 1631 Brundisii
872 1575 993 1631 XII.
1031 1577 1155 1631 Kal.
1197 1575 1462 1642 Quinctil.
1500 1592 1551 1630 a.
1589 1593 1643 1628 u.
1679 1591 1728 1630 e.
1768 1579 1887 1630 707.

649 1699 958 1754 TULLIUS
997 1700 1049 1755 S.
1087 1700 1153 1755 D.
1195 1697 1633 1754 TERENTIAE.

324 1794 393 1862 Si
437 1800 613 1865 vales
623 1852 641 1885 ‚
702 1801 866 1865 bene
921 1805 1037 1866 est.
1127 1799 1711 1884 Constitueramus,
1774 1801 1848 1862 ut
1910 1797 1993 1863 ad
2035 1800 2103 1863 te

193 1889 386 1951 antea
439 1889 848 1974 scripseram,
903 1890 1160 1955 obviam
1216 1887 1591 1954 Ciceronem
1644 1884 1905 1952 Caesari
1956 1888 2101 1951 mit-

191 1978 354 2058 tere,
408 1976 519 2041 sed
566 1978 954 2042 mutavimus
1010 1978 1376 2062 consilium,
1430 1976 1582 2060 quia
1635 1975 1714 2040 de
1766 1976 1939 2041 illius
1994 1976 2103 2040 ad·

193 2066 391 2128 ventu
454 2065 615 2129 nihil
690 2066 1122 2132 audiebamus.
1228 2065 1328 2131 De
1392 2064 1620 2129 ceteris
1691 2064 1910 2149 rebus,
1982 2065 2102 2129 etsi

192 2152 358 2215 nihil
405 2156 543 2216 erat
586 2155 765 2238 novi,
818 2158 1065 2239 tamen,
1119 2155 1272 2239 quid
1325 2153 1595 2219 velimus
1650 2155 1717 2217 et
1770 2152 1925 2237 quid
1978 2142 2103 2217 hoc

195 2243 482 2323 tempore
517 2244 814 2324 putemus
852 2265 1015 2328 opus
1053 2264 1211 2327 esse,
1255 2265 1332 2308 ex
1370 2239 1553 2307 Sicca
1587 2240 1828 2324 poteris
1865 2261 2103 2326 cogno-

197 2349 388 2393 scere.
479 2327 755 2394 Tulliam
800 2331 1009 2396 adhuc
1053 2353 1305 2396 mecum
1349 2334 1559 2394 teneo.
1647 2326 2103 2393 Valetudinem

194 2420 374 2481 tuam
421 2439 573 2483 cura
617 2419 976 2505 diligenter.
1065 2420 1249 2484 Vale.
1320 2437 1436 2484 xn.
1481 2415 1561 2481 K.
1608 2415 1978 2492 Quinctiles.

1059 2613 1238 2679 XVI.

344 2722 462 2779 Scr.
495 2724 780 2780 Brundisii
814 2725 959 2796 prid.
998 2725 1191 2780 Nonas
1227 2726 1516 2781 Ianuarias
1554 2743 1603 2780 a.
1642 2744 1697 2781 u.
1738 2739 1785 2777 c.
1825 2728 1944 2778 707.

545 2849 858 2905 TULLIUS
895 2848 1317 2905 TERENTIAE
1357 2849 1542 2905 SUAE
1582 2849 1636 2905 S.
1672 2848 1740 2903 D.

324 2947 386 3014 S.
430 2972 490 3014 v.
535 2949 596 3014 b.
643 2971 696 3014 e.
743 2972 794 3014 e.
840 2972 899 3014 V.
991 2948 1138 3015 Etsi
1185 2950 1496 3016 eiusmodi
1542 2953 1836 3034 tempora
1879 2950 2105 3012 nostra

193 3041 362 3122 sunt,
405 3041 482 3103 ut
524 3038 691 3102 nihil
726 3038 1021 3123 habeam,
1066 3038 1240 3123 quod
1277 3042 1391 3104 aut
1425 3062 1465 3105 a
1500 3042 1564 3104 te
1598 3039 1963 3103 litterarum
2000 3058 2103 3102 ex-

195 3129 476 3210 spectem
521 3130 635 3192 aut
678 3127 818 3212 ipse
864 3127 947 3191 ad
991 3131 1055 3191 te
1093 3128 1387 3212 scribam,
1430 3131 1652 3193 tamen
1684 3127 1903 3192 nescio
1950 3147 2105 3210 quo-

194 3215 382 3279 modo
429 3218 498 3279 et
537 3215 676 3299 ipse
721 3219 970 3280 vestras
1015 3216 1266 3280 litteras
1308 3220 1607 3300 exspecto
1655 3218 1721 3280 et
1765 3215 1974 3281 scribo
2022 3215 2104 3278 ad

331 3422 435 3492 Ep.
477 3429 559 3491 14,
589 3429 638 3478 2.
693 3426 843 3480 sitis:
878 3425 947 3480 L.
988 3425 1136 3493 (W.).
1210 3441 1252 3479 8.
1310 3424 1377 3478 L.
1416 3424 1604 3494 vulgo.
1687 3422 1792 3492 Ep.
1834 3429 1915 3477 16.
1980 3438 2021 3475 e.
2060 3438 2101 3474 e.

194 3494 286 3563 (W
289 3497 342 3564 .).
415 3511 458 3548 e.
495 3494 623 3548 ΜΒ.
682 3497 992 3551 litterarum
1028 3512 1175 3565 exsp.
1216 3494 1330 3563 (M.,
1365 3494 1574 3563 vulgo).
1651 3493 1736 3563 [L]
1773 3509 1814 3546 e.
1852 3491 2001 3556 Em„
2040 3490 2100 3541 B.

2243 3556 2275 3578 fl
