2338 3691
662 148 1182 205 EPISTOLARUM
1217 144 1342 202 XV.
1382 154 1432 202 4.
1475 155 1525 204 5.
1918 148 2049 213 513

126 295 302 379 quod
350 296 405 360 si
451 295 766 379 triumphi
818 294 1337 380 praerogativam
1390 297 1582 379 putas
1639 295 2049 378 supplicatio·

125 406 279 449 nem
317 388 385 448 et
417 384 660 448 idcirco
700 405 916 447 casum
954 385 1172 467 potius
1209 405 1402 466 quam
1442 387 1508 447 te
1543 382 1793 447 laudari
1828 383 2050 466 maviS,

125 494 337 556 neque
384 473 927 557 supplicationem
973 472 1261 555 sequitur
1298 493 1549 556 semper
1583 471 1947 555 triumphus
1985 474 2051 534 et

124 561 463 645 triumpho
511 560 722 625 multo
768 560 1002 624 clarius
1041 564 1141 624 est
1178 564 1472 624 senatum
1507 559 1787 624 iudicare
1831 559 2051 643 potius

124 649 634 714 mansuetudine
680 652 747 713 et
788 648 1163 714 innocentia
1202 649 1607 732 imperatoris
1652 647 2051 732 provinciam

127 759 325 821 quam
370 737 438 801 vi
484 737 767 801 militum
814 739 929 801 aut
970 736 1375 822 benignitate
1422 737 1687 802 deorum
1731 740 2052 801 retentam

126 830 324 910 atque
391 829 843 891 conservatam
907 846 1072 909 esse,
1125 826 1296 909 quod
1352 844 1475 910 ego
1529 847 1674 890 mea
1732 825 2053 890 sententia

124 914 499 979 censebam.
599 912 814 997 Atque
870 914 1030 978 haec
1085 933 1207 998 ego
1263 913 1498 979 idcirco
1562 914 1645 978 ad
1707 916 1772 977 te
1828 916 2055 978 contra
2090 930 2122 979 3

129 1002 673 1067 consuetudinem
709 1023 919 1067 meam
955 1002 1248 1087 pluribus
1286 1002 1528 1087 scripsi,
1571 1005 1662 1087 ut,
1708 1002 1877 1086 quod
1923 1024 2054 1066 ma-

132 1091 302 1154 xime
356 1092 544 1175 volo,
606 1091 931 1155 existimes
975 1112 1078 1154 me
1130 1090 1452 1169 laborare,
1507 1093 1583 1154 ut
1635 1090 1755 1154 tibi
1798 1112 2056 1174 persua-

138 1179 326 1243 deam
370 1201 478 1243 me
527 1183 593 1243 et
644 1178 921 1244 voluisse
984 1178 1063 1243 de
1106 1182 1222 1244 tua
1274 1179 1638 1262 maiestate,
1700 1178 1871 1263 quod
1926 1200 2057 1242 am-

139 1267 507 1351 plissimum
572 1289 714 1332 sum
777 1268 1154 1351 arbitratus,
1228 1271 1294 1332 et
1305 1317 1323 1352 ,
1387 1268 1559 1351 quod
1621 1271 1694 1331 tu
1757 1266 2058 1351 maluisti,

141 1356 384 1421 factum
441 1377 583 1420 esse
639 1356 935 1442 gaudere.
1023 1354 1188 1421 Vale
1234 1359 1301 1421 et
1343 1377 1463 1421 nos
1518 1355 1712 1440 dilige
1758 1358 1825 1419 et
1874 1354 2059 1419 insti-

140 1446 285 1509 tuto
330 1445 567 1509 itinere
614 1445 1019 1509 severitatem
1065 1444 1592 1529 diligentiamque
1629 1443 1819 1510 sociis
1856 1445 1922 1508 et
1964 1443 2059 1508 rei

143 1533 441 1616 publicae
488 1536 764 1617 praesta.

1039 1743 1154 1810 VI.

151 1856 265 1911 Ser.
312 1857 372 1912 in
420 1856 617 1913 Cilicia
661 1873 851 1912 mense
888 1856 1155 1923 Quinctili
1181 1858 1319 1984 7231.
1357 1857 1502 1913 Non.
1546 1857 1638 1912 vel
1682 1856 1874 1927 paullo
1911 1857 2062 1927 post)

913 1944 964 1983 a.
1001 1947 1054 1983 u.
1093 1947 1141 1985 c.
1289 1971 1300 1982 .

601 2053 678 2106 Μ.
715 2051 972 2107 CICERO
1011 2052 1067 2106 S.
1101 2052 1171 2106 D.
1207 2052 1283 2106 Μ.
1321 2050 1610 2106 CATONI.

286 2150 559 2234 „Laetus
606 2173 748 2216 sum
791 2153 1042 2217 laudari
1078 2150 1235 2236 me“,
1278 2152 1489 2234 inquit
1524 2150 1786 2234 Hector,
1832 2150 2063 2234 opinor
2103 2166 2129 2215 1

156 2239 328 2322 apud
371 2237 708 2323 Naevium,
761 2240 912 2324 „abs
957 2244 1048 2325 te,
1093 2244 1297 2324 pater,
1341 2261 1381 2303 a
1424 2240 1685 2305 laudato
1731 2238 1938 2322 viro“;,
1987 2260 2063 2303 ea

156 2329 257 2390 est
312 2326 485 2390 enim
536 2327 827 2412 profecto
880 2329 1160 2393 iucunda
1210 2329 1353 2392 laus
1361 2377 1380 2412 ,
1434 2349 1598 2411 quae
1653 2327 1734 2392 ab
1792 2326 1873 2391 iis
1918 2348 2063 2411 pro-

153 2413 479 2499 ficiscitur,
524 2416 634 2500 qui
679 2416 804 2500 ipsi
847 2417 916 2480 in
962 2417 1149 2482 laude
1196 2416 1510 2481 vixerunt.
1580 2415 1726 2502 Ego
1774 2436 1926 2481 vero
1962 2415 2066 2481 vel

155 2504 591 2588 gratulatione
636 2505 996 2570 litterarum
1040 2511 1301 2577 tuarum
1344 2505 1447 2570 vel
1492 2504 1876 2571 testimoniis
1923 2526 2063 2570 sen-

154 2592 395 2657 tentiae
460 2593 668 2659 dictae
731 2594 896 2658 nihil
961 2597 1060 2659 est
1122 2593 1295 2679 quod
1358 2615 1461 2658 me
1514 2614 1650 2660 non
1704 2597 2065 2659 assecutum

154 2691 394 2764 putem,
436 2681 629 2765 idque
673 2682 833 2746 mihi
879 2704 1077 2767 quum
1123 2682 1606 2768 amplissimum,
1649 2686 1790 2747 tum
1837 2682 2064 2767 gratis-

155 2768 390 2832 simum
417 2773 533 2853 est,
568 2773 633 2834 te
660 2769 937 2835 libenter
964 2770 1282 2836 amicitiae
1311 2768 1579 2855 dedisse,
1616 2771 1787 2854 quod
1820 2769 2063 2853 liquido

154 2857 412 2921 veritati
476 2858 679 2923 dares.
781 2857 897 2943 Et,
960 2859 1016 2923 si
1078 2880 1211 2925 non
1275 2859 1467 2924 modo
1533 2881 1782 2942 omnes,
1844 2879 2067 2923 verum

155 2944 352 3010 etiam
404 2946 592 3010 multi
647 2943 927 3012 Catones
983 2951 1201 3012 essent
1250 2947 1320 3011 in
1384 2947 1643 3012 civitate
1687 2950 1939 3031 nostra,
1994 2946 2066 3010 in

156 3054 285 3117 qua
328 3055 530 3099 unum
575 3034 894 3100 exstitisse
931 3036 1223 3101 mirabile
1259 3038 1375 3120 est,
1421 3057 1611 3121 quem
1647 3057 1768 3121 ego
1810 3056 2066 3099 currum

157 3125 271 3186 aut
314 3143 507 3207 quam
549 3123 837 3188 lauream
882 3146 1027 3189 cum
1071 3127 1186 3189 tua
1240 3124 1610 3189 laudatione
1665 3122 2066 3189 conferrem?

155 3229 309 3273 nam
347 3210 426 3274 ad
463 3212 677 3276 meum'
715 3233 972 3276 sensum
1004 3216 1072 3277 et
1114 3212 1198 3277 ad
1232 3212 1390 3276 illud
1436 3212 1755 3277 sincerum
1800 3232 1876 3275 ac
1921 3212 2066 3275 sub-

156 3296 269 3362 tile
314 3297 619 3363 iudicium
665 3300 826 3364 nihil
871 3303 1090 3385 potest
1133 3321 1272 3366 esse
1315 3300 1701 3364 laudabilius
1753 3320 1944 3382 quam
1990 3319 2068 3362 ea

298 3487 402 3557 ΕΡ·
443 3494 490 3558 5,
521 3496 569 3544 3.
642 3506 762 3545 Sum
799 3492 1103 3546 arbitratus
1140 3490 1269 3559 (Nn)
1341 3491 1444 3545 sim
1480 3506 1554 3544 α
1569 3488 1701 3541 ΜΒ
1801 3522 1812 3526 -

266 3575 394 3617 Cicer
394 3578 494 3618 onis
523 3579 647 3627 epist.
675 3579 712 3619 Ι.
1573 3577 1639 3626 3-3
