2338 3691
692 124 1206 181 EPISTOLARUM
1244 124 1339 180 IV.
1379 133 1427 181 9.
1469 133 1550 182 10.
1958 128 2082 193 109

189 270 301 335 silii
344 269 485 335 est?
539 277 694 336 nam
741 270 950 336 adhuc
1004 275 1069 336 et
1110 271 1360 337 factum
1403 274 1588 336 tuum
1642 272 1956 357 probatur
2000 276 2085 357 et,

186 362 252 423 ut
290 359 356 423 in
398 360 518 425 tali
562 381 650 443 re,
696 361 890 425 etiam
926 360 1192 425 fortuna
1230 360 1556 425 laudatur:
1600 361 1866 445 factum,
1912 361 2085 446 quod

185 451 243 511 et
289 448 546 513 initium
597 449 754 514 belh'
807 449 1166 514 necessario
1223 452 1479 514 secutus
1535 449 1622 514 sis
1677 453 1744 514 et
1800 453 2085 515 extrema

187 537 494 620 sapienter
538 539 838 622 persequi
876 538 1198 622 nolueris3
1252 538 1544 623 fortuna,
1591 538 1760 621 quod
1805 539 2083 605 honesto

185 626 300 691 otio
349 627 641 692 tenueris
697 629 764 691 et
815 629 1058 691 statum
1118 629 1187 691 et
1228 627 1471 691 famam
1527 626 1863 712 dignitatis
1907 631 2083 693 tuae.

185 735 340 779 nunc
391 737 551 781 vero
606 737 727 781 nec
780 716 961 781 locus
1014 715 1136 779 tibi
1182 716 1351 780 ullus
1408 715 1654 781 dulcior
1713 737 1848 781 esse
1896 716 2087 782 debet

182 803 374 885 patria
417 825 545 869 nec
603 825 745 869 eam
800 804 1067 890 diligere
1111 804 1326 869 minus
1375 804 1595 888 debes,
1651 805 1822 889 quod
1879 805 2085 871 defor-

183 892 329 957 mior
373 897 491 977 est,
541 892 655 958 sed
699 892 987 958 misereri
1021 893 1240 978 potius
1285 914 1405 958 nec
1441 914 1581 958 eam
1629 895 1849 959 multis
1897 895 2085 960 claris

183 980 319 1045 viris
367 982 670 1046 orbatam
714 983 968 1067 privare
1015 982 1211 1046 etiam
1258 986 1522 1066 aspectu
1567 986 1700 1048 tuo.
1771 982 2155 1068 Denique,4

184 1069 232 1132 si
285 1069 408 1135 fuit
469 1070 700 1157 magni
764 1071 964 1136 animi
1026 1091 1162 1136 non
1226 1092 1363 1136 esse
1428 1072 1782 1157 supplicem
1840 1073 2086 1157 victori,

182 1157 328 1243 vide,
370 1180 454 1224 ne
495 1159 761 1244 superbi
803 1160 889 1224 sit
925 1160 1256 1243 aspernari
1294 1159 1578 1225 eiusdem
1616 1160 2085 1244 liberalitatem,

182 1249 262 1330 et,
307 1248 365 1313 si
408 1248 727 1333 sapientis
783 1252 882 1313 est
927 1269 1142 1314 carere
1188 1249 1426 1335 patria,
1473 1248 1616 1314 duri
1662 1271 1798 1315 non
1843 1249 2084 1314 deside-

182 1355 325 1419 rare,
368 1340 453 1421 et,
500 1336 560 1401 si
605 1357 675 1402 re
719 1337 979 1422 publica
1022 1358 1158 1402 non
1202 1338 1414 1422 possis
1457 1338 1614 1422 frui,
1672 1338 1941 1403 stultum
1988 1342 2088 1402 est

184 1425 337 1489 nolle
381 1425 662 1510 privata.
752 1422 968 1511 Caput
1011 1426 1171 1490 illud
1218 1429 1333 1510 est,
1379 1429 1470 1509 ut,
1516 1427 1569 1491 si
1614 1427 1742 1491 ista
1788 1426 1923 1491 vita
1965 1426 2087 1490 tibi

185 1514 567 1581 commodior
613 1535 751 1580 esse
794 1515 1105 1600 videatur,
1150 1515 1568 1601 cogitandum
1603 1519 1824 1580 tamen
1862 1515 1965 1599 sit,
2002 1536 2084 1580 ne

185 1602 365 1669 tutior
417 1626 565 1669 non
610 1603 720 1668 sit:
778 1623 1019 1688 magna
1073 1603 1436 1688 gladiorum
1490 1608 1592 1669 est
1632 1604 1921 1688 licentia,
1973 1604 2086 1670 sed

185 1688 246 1752 in
285 1693 567 1757 externis
602 1692 761 1758 locis
796 1693 1011 1757 minor
1046 1693 1241 1757 etiam
1279 1693 1361 1757 ad
1396 1692 1648 1758 facinus
1685 1693 2083 1759 verecundia.

186 1774 329 1845 Mihi
372 1781 553 1848 salus
599 1784 716 1847 tua
758 1784 981 1847 tantae
1022 1802 1214 1848 curae
1248 1784 1365 1868 est,
1408 1785 1485 1847 ut
1527 1781 1853 1868 Marcello,
1897 1783 2087 1848 fratri

185 1870 301 1953 tu0,
342 1876 458 1937 aut
498 1893 623 1956 par
659 1875 772 1936 aut
811 1874 981 1936 certe
1016 1871 1347 1955 proximus
1386 1871 1533 1956 sim3
1577 1875 1762 1937 tuum
1799 1874 1901 1938 est
1935 1893 2084 1938 con·

186 1957 372 2110 stiissere
384 1960 834 2116 tl{aseer-riporibus
889 1959 957 2025 et
1007 1960 1438 2026 incolumitati
1483 1965 1551 2026 et
1591 1963 1763 2028 vitae
1809 1963 1876 2026 et
1952 1960 2080 2027 for-

249 2068 341 2112 ms

1083 2223 1166 2291 X.

468 2328 587 2385 Scr.
625 2329 836 2384 Romae
870 2345 1063 2385 mense
1099 2328 1360 2384 Ianuario
1397 2344 1449 2383 a.
1477 2345 1534 2384 u.
1568 2344 1616 2383 0.
1656 2332 1776 2383 709.

738 2452 994 2509 CICERO
1031 2451 1426 2509 MARCELLO
1466 2450 1519 2508 S.

300 2545 441 2611 Etsi
486 2544 653 2609 nihil
698 2548 839 2610 erat
879 2545 1053 2630 novi,
1099 2545 1272 2631 quod
1319 2544 1400 2610 ad
1442 2546 1509 2609 te
1549 2544 1908 2629 scriberem,
1951 2564 2084 2609 ma·
2127 2563 2153 2611 1

189 2631 394 2717 gisque
438 2634 692 2699 litteras
744 2637 892 2699 tuas
945 2633 1077 2698 iam
1132 2637 1499 2718 exspectare
1543 2632 1929 2718 incipiebam
1982 2633 2085 2697 vel

188 2722 243 2782 te
267 2722 482 2805 potius
518 2722 751 2808 ipsum,
783 2726 1022 2807 tamen,
1061 2744 1261 2807 quum
1288 2721 1685 2807 Theophilus
1726 2721 2083 2806 proficisce-

191 2812 364 2895 retur,
407 2832 547 2876 non
591 2811 776 2895 potui
820 2811 985 2876 nihil
1031 2812 1090 2876 ei
1133 2812 1497 2877 litterarum
1544 2810 1720 2876 dare:
1768 2831 1922 2874 cura
1965 2808 2085 2893 igi-

191 2898 306 2980 tur,
365 2903 441 2964 ut
494 2922 690 2984 quam
742 2900 1024 2984 primum
1076 2900 1326 2984 venias3
1388 2900 1606 2965 venies
1663 2899 1862 2984 enim,
1924 2897 2086 2963 mihi

193 2986 374 3072 crede,
420 2991 852 3072 exspectatuS,
896 3010 1104 3073 neque
1151 2990 1361 3055 solum
1405 2988 1622 3072 nobie,
1665 2987 1731 3051 id
1779 2990 1894 3071 est,
1937 2987 2085 3072 tuis,

195 3073 290 3138 sed
329 3098 593 3160 prorsus
641 3077 968 3161 omnibus3
1022 3078 1203 3143 venit
1247 3078 1420 3142 enim
1472 3039 1633 3142 mih'i
1687 3075 1758 3141 in
1802 3079 2086 3142 mentem

196 3161 500 3230 subvereri
553 3166 905 3249 interdum,
958 3187 1040 3230 ne
1092 3169 1160 3231 te
1216 3166 1490 3231 delectet
1540 3164 1730 3230 tarda
1783 3165 2083 3230 decessio,

197 3245 360 3323 Quod
421 3255 478 3320 si
537 3255 791 3322 nullum
860 3255 1130 3320 haberes
1205 3276 1465 3321 sensum
1535 3254 1662 3319 nisi
1735 3255 2083 3337 oculorum,
2121 3272 2152 3319 2

317 3408 416 3493 Ep.
453 3420 503 3482 9,
532 3420 584 3470 4.
649 3414 876 3470 stultum
913 3418 992 3470 est
1025 3414 1168 3470 nolle
1207 3412 1341 3481 CM..)
1413 3414 1477 3466 et.
1506 3411 1661 3465 sitn.
1693 3408 1862 3476 (W)·?
1932 3409 1997 3460 st.
2024 3420 2082 3458 n.

200 3456 519 3556 Heusinger„
557 3484 619 3541 B.
