2338 3691
168 143 301 209 662
678 142 1039 200 EPISTOLA
1075 142 1138 210 Q.
1177 142 1562 200 CICERONIS

165 289 493 373 tantisque
545 291 908 354 versantem
963 289 1168 353 vitare
1224 288 1673 373 offensionem,
1729 289 1939 356 vitare
1995 290 2089 357 fa·

164 376 413 462 bulam,
482 376 686 442 vitare
747 376 1015 442 insidias
1028 427 1047 462 ,
1119 398 1259 442 esse
1322 399 1526 442 unum
1586 377 1919 443 hominem
1986 399 2086 445 ac-

166 465 643 531 commodatum
697 464 780 529 ad
831 468 1086 530 tantam
1143 486 1398 530 morum
1451 486 1528 531 ac
1582 487 1952 532 sermonum
2009 489 2084 533 ac

51 541 141 678 ff
164 554 575 619 voluntatum
627 554 1025 619 varietatem.
1125 553 1336 630 Quare
1392 554 1589 618 etiam
1645 558 1838 639 atque
1886 556 2082 621 etiam

164 663 362 727 perge
414 645 634 707 tenere
686 642 879 707 istam
923 643 1122 726 viam,
1177 663 1373 725 quam
1416 642 1783 708 instituisti:
1845 645 2083 709 excelle

166 730 464 814 dicend03
524 730 650 796 hoc
714 735 781 795 et
831 734 1136 795 tenentur
1179 730 1427 795 Romae
1478 730 1777 797 homines
1833 735 1901 797 et
1947 733 2081 797 alli-

165 819 424 883 ciuntur
486 822 553 883 et
615 819 698 883 ab
760 818 1168 903 impediendo
1243 840 1319 883 ac
1381 818 1696 885 laedendo
1763 821 2080 904 repellun-

163 909 288 971 tur.
377 904 492 990 Et,
546 906 850 991 quoniam
905 907 976 971 in
1027 906 1153 972 hoc
1205 906 1309 971 vel
1362 908 1637 972 maxime
1695 911 1795 973 est
1845 908 2082 975 vitiosa

165 995 392 1059 civitas
404 1045 422 1079 ,
481 995 655 1079 quod
709 994 1054 1081 largitione
1108 995 1495 1079 interposita
1547 994 1804 1061 virtutis
1857 1017 1934 1061 ac
1989 998 2081 1062 di-

165 1084 435 1167 gnitatis
482 1083 772 1148 oblivisci
819 1084 1010 1167 solet,
1062 1083 1133 1148 in
1178 1083 1303 1149 hoc
1355 1083 1463 1148 fac
1506 1086 1583 1148 ut
1633 1087 1699 1148 te
1753 1083 1917 1149 bene
1964 1106 2082 1151 no-

164 1172 282 1257 ris,
334 1171 402 1236 id
457 1175 581 1256 est,
634 1176 711 1237 ut
760 1172 1087 1258 intelligas
1141 1192 1289 1237 eum
1345 1192 1483 1236 esse
1540 1174 1640 1255 te,
1691 1173 1802 1255 qui
1859 1172 2080 1238 iudicii

166 1281 241 1324 ac
285 1260 553 1345 periculi
597 1263 841 1325 metum
884 1261 1236 1324 maximum
1281 1260 1806 1344 competitoribus
1851 1260 2083 1327 afferre

164 1349 401 1432 possis;
463 1348 594 1432 fac,
657 1370 727 1414 se
782 1351 858 1413 ut
920 1349 1035 1413 abs
1098 1351 1163 1412 te
1229 1348 1543 1413 custodiri
1607 1352 1799 1433 atque
1862 1349 2082 1415 obser-

164 1437 304 1501 vari
348 1437 580 1502 sciant:
636 1458 834 1521 quum
889 1435 1292 1521 diligentiam
1343 1440 1554 1517 tuam,
1606 1457 1804 1519 quum
1859 1441 2082 1503 aucto-

109 1525 424 1614 ritatem
494 1526 751 1609 vimque
824 1524 1107 1609 dicendi,
1186 1528 1328 1590 tum
1397 1486 1690 1609 profecto
1762 1527 2081 1609 equestris

80 1633 139 1702 56
96 1583 412 1716 Lprdinis
459 1634 614 1699 erga
656 1617 723 1678 te
770 1612 1055 1678 studium
1098 1613 1572 1698 pertimescent.
1654 1611 1870 1698 Atque
1914 1613 2080 1679 haec

96 1701 259 1766 ita
302 1702 452 1767 volo
496 1705 563 1766 te
607 1701 738 1767 illis
783 1722 1169 1785 proponere,
1223 1722 1370 1766 non
1403 1704 1479 1766 ut
1521 1701 1776 1767 videare
1821 1722 2080 1767 accusa-

164 1790 411 1857 tionem
462 1790 593 1856 iam
647 1790 970 1872 meditari,
1035 1789 1145 1856 sed
1200 1793 1276 1856 ut
1336 1789 1462 1856 hoc
1515 1793 1759 1855 terrore
1819 1789 2080 1857 facilius

164 1878 290 1945 hoc
343 1880 582 1964 ipsum,
636 1878 809 1962 quod
864 1880 1030 1965 agiS,
1085 1899 1497 1963 consequare.
1592 1878 1685 1944 Et
1736 1879 1931 1964 plane
1989 1881 2081 1945 sic

167 1967 482 2033 contende
529 1967 829 2032 omnibus
873 1967 1088 2033 nervis
1134 1988 1211 2032 ac
1252 1967 1698 2051 facultatibuS,
1754 1971 1832 2031 ut
1876 1967 2078 2052 adipi-

165 2076 446 2137 scamur,
505 2055 674 2139 quod
729 2056 1027 2140 petimus.
1123 2054 1332 2121 Video
1386 2056 1567 2120 nulla
1621 2076 1760 2120 esse
1815 2055 2079 2121 comitia

164 2146 300 2209 tam
342 2143 682 2228 inquinata
724 2144 1088 2229 largitione,
1132 2144 1366 2228 quibus
1410 2165 1547 2209 non
1582 2144 1785 2229 gratis
1822 2145 2076 2228 aliquae
2155 2215 2166 2220 ,

165 2232 491 2297 centuriae
551 2233 931 2297 renuntient
999 2253 1150 2298 suos
1223 2253 1462 2317 magno
1531 2253 1724 2316 opere
1784 2253 2077 2298 necessa·

87 2340 136 2383 57
165 2320 314 2386 rios.
404 2319 642 2405 Quare,
705 2322 762 2386 si
823 2320 1248 2407 advigilamus
1312 2342 1431 2405 pro
1485 2320 1580 2385 rei
1638 2320 1954 2405 dignitate
2010 2324 2078 2384 et

166 2409 222 2473 si
273 2412 533 2474 nostros
589 2408 672 2473 ad
725 2430 1046 2475 summum
1101 2409 1392 2474 studium·
1437 2408 1786 2474 benevolos
1840 2409 2074 2473 excita·

163 2518 308 2562 mus
363 2501 430 2562 et
482 2497 537 2562 si
589 2497 961 2564 hominibus
1015 2497 1319 2583 gratiosis
1383 2496 1812 2581 studiosisque
1864 2498 2078 2562 nostri

167 2607 355 2651 suum
400 2585 629 2670 cuique
673 2607 910 2651 munus
956 2585 1375 2651 describimus
1430 2589 1497 2650 et
1541 2585 1597 2649 si
1642 2585 2077 2669 competitori-

164 2673 287 2739 bus
312 2672 620 2739 iudicium
644 2674 1085 2759 proponimus,
1120 2672 1556 2758 sequestribus
1591 2676 1834 2738 metum
1869 2673 2079 2738 iniici-

164 2783 329 2847 mus,
372 2762 681 2827 divisores
720 2762 972 2828 ratione
1008 2761 1225 2846 aliqua
1270 2766 1655 2845 coercemus,
1697 2760 1915 2844 perfici
1959 2783 2080 2845 po·

164 2854 321 2934 test,
388 2853 464 2915 ut
523 2851 784 2936 largitio
848 2853 963 2915 aut
1023 2851 1206 2915 nulla
1265 2850 1382 2914 fiat
1444 2853 1559 2915 aut
1617 2849 1783 2914 nihil
1843 2850 2082 2915 valeat.

85 2944 138 2994 68
168 2937 349 3004 Haec
395 2941 567 3022 sunt,
611 2959 775 3024 quae
817 2939 1042 3022 putavi
1075 2959 1213 3004 non
1250 2938 1481 3003 melius
1526 2938 1687 3002 scire
1732 2958 1834 3002 me
1881 2959 2082 3021 quam

163 3032 258 3111 te,
330 3027 442 3091 sed
503 3026 756 3091 facilius
819 3026 921 3092 his
987 3026 1118 3092 tuis
1182 3025 1711 3110 occupationibus
1772 3026 2079 3110 colligere

165 3137 368 3181 unum
411 3115 483 3179 in
525 3116 740 3180 locum
784 3136 974 3200 posse
1020 3118 1087 3181 et
1140 3116 1223 3179 ad
1276 3119 1341 3180 te
1395 3113 1750 3198 perscripta
1793 3114 2080 3178 mittere:

166 3223 329 3284 quae
382 3203 641 3268 tametsi
692 3204 788 3268 ita
841 3207 996 3269 sunt
1048 3203 1315 3288 scripta,
1375 3205 1452 3268 ut
1502 3223 1640 3270 non
1696 3199 1778 3267 ad
1833 3222 2083 3285 omnes,

310 3476 392 3538 14,
423 3478 506 3528 55.
576 3477 828 3567 institisti
865 3478 1104 3550 (Grut.)?

161 3574 197 3594 h..
