2338 3691
7 3588 65 3636 h.

165 135 291 199 150
723 136 796 189 Μ.
838 133 1085 190 TULLII
1124 135 1508 192 CICERONIS

158 283 421 366 captum
462 278 707 344 iamdiu
752 283 877 364 est,
936 279 1014 345 de
1061 302 1189 364 quo
1238 280 1318 345 ad
1362 285 1456 366 te,
1511 303 1645 347 non
1689 305 1816 367 quo
1864 285 2080 349 celan-

157 371 277 435 dus
332 389 532 452 esses,
585 368 749 433 nihil
804 369 1031 453 scripsi
1086 373 1306 454 antea,
1358 371 1471 435 sed
1518 372 1671 455 quia
1724 374 2075 438 communi·

158 458 328 523 catio
373 457 626 522 consilii
661 457 780 522 tali
813 460 1104 543 tempore
1141 459 1329 543 quasi
1363 460 1680 544 quaedam
1717 462 2076 528 admonitio

156 547 408 612 videtur
452 568 590 612 esse
638 546 836 612 officii
878 547 983 612 vel
1025 548 1243 632 potius
1290 548 1670 635 efflagitatio
1718 550 1801 614 ad
1843 557 2076 617 coeun-

156 636 306 701 dam
353 636 727 701 societatem
779 636 882 703 vel
927 637 1195 721 periculi
1249 638 1353 702 vel
1403 638 1673 722 laboris3
1728 661 1875 706 cum
1918 661 2075 706 vero

154 747 234 790 ea
276 728 393 789 tua
437 724 523 790 sit
573 727 904 811 voluntas,
956 726 1330 791 humanitas
1340 778 1358 812 ,
1410 728 1864 794 benevolentia
1917 751 2078 816 erga

154 835 284 899 me,
335 813 614 879 libenter
668 816 1024 899 amplector
1066 816 1264 881 talem
1311 816 1626 902 animum,
1679 818 1792 882 sed
1843 818 1940 881 ita
1984 855 2075 865 —

153 925 291 968 non
337 903 509 968 enim
554 903 877 969 dimittam
919 904 1234 989 pudorem
1276 905 1348 969 in
1382 906 1675 991 rogando
1713 927 1930 971 meum
1957 931 2076 972 -ε

155 993 210 1056 si
253 992 482 1057 feceris
526 993 621 1077 id,
666 994 840 1078 quod
887 994 1201 1079 ostendis,
1253 1016 1562 1080 magnam
1613 996 1869 1061 habebo
1925 1016 2073 1081 gra·

152 1081 339 1166 tiam,
395 1082 450 1145 si
493 1103 630 1147 non
674 1082 930 1167 feceris,
984 1083 1348 1169 ignoscam,
1403 1087 1469 1148 et
1514 1085 1789 1149 alterum
1832 1085 2075 1170 timori,

154 1171 427 1235 alterum
488 1171 648 1235 mihi
709 1174 776 1236 te
835 1192 1074 1257 negare
1136 1194 1272 1237 non
1335 1174 1623 1257 potuisse
1676 1173 2073 1258 arbitrabor3

152 1263 252 1324 est
313 1261 486 1325 enim
548 1283 650 1325 res
713 1261 1004 1346 profecto
1069 1261 1374 1326 maxima:
1440 1262 1592 1346 quid
1653 1266 1902 1327 rectum
1964 1264 2072 1348 sit,

152 1354 447 1433 apparet3
501 1348 655 1434 quid
710 1349 1032 1435 expediat,
1088 1351 1433 1416 obscurum
1491 1354 1616 1435 est,
1677 1351 1773 1415 ita
1828 1356 2071 1436 tamen,

149 1441 242 1522 ut,
287 1440 341 1503 si
386 1460 508 1504 nos
551 1439 602 1502 ii
648 1460 895 1524 sumus,
942 1439 1053 1522 qui
1098 1460 1237 1504 esse
1284 1440 1615 1524 debemus,
1658 1440 1727 1504 id
1773 1444 1887 1524 est,
1933 1443 2066 1505 stu-

149 1526 255 1591 dio
304 1528 484 1613 digni
530 1549 606 1591 ac
639 1528 874 1592 litteris
911 1528 1172 1614 nostris,
1217 1527 1511 1593 dubitare
1548 1550 1684 1593 non
1725 1530 2068 1614 possimne,

149 1616 306 1698 quin
361 1638 437 1679 ea
490 1616 766 1681 maxime
822 1617 1215 1703 conducant,
1279 1640 1442 1701 quae
1497 1618 1632 1683 sint
1687 1618 2064 1683 rectissima.

147 1703 358 1778 Quare
404 1707 503 1788 tu,
558 1706 612 1769 si
659 1705 849 1770 simul
893 1706 1202 1790 placebit,
1256 1707 1478 1772 statim
1532 1706 1614 1771 ad
1669 1729 1772 1770 me
1817 1708 2064 1791 venies3

146 1792 250 1856 sin
301 1792 473 1858 idem
535 1794 817 1878 placebit
870 1798 1063 1880 atque
1129 1795 1356 1862 eodem
1407 1818 1529 1862 nec
1583 1796 1892 1862 continuo
1948 1818 2062 1881 po—

144 1882 326 1966 teris,
383 1883 602 1948 omnia
654 1884 776 1948 tibi
828 1888 904 1949 ut
955 1889 1115 1951 nota
1169 1886 1326 1971 sint,
1382 1886 1636 1951 faciam.
1685 1884 1688 1885 ⁷
1737 1885 2063 1970 Quidquid

145 1971 461 2056 statueris,
504 1975 572 2037 te
614 1973 774 2037 mihi
823 1975 1117 2059 amicum,
1163 1975 1267 2039 sin
1303 1975 1387 2060 id,
1433 1975 1605 2059 quod
1644 1978 1818 2060 opto,
1864 1976 2063 2040 etiam

142 2060 600 2126 amicissimum
641 2062 958 2129 iudicabo.

1013 2273 1160 2342 XX.

273 2393 390 2451 Scr.
430 2395 504 2451 ad
540 2397 736 2452 urbem
771 2396 956 2451 medio
993 2413 1184 2452 mense
1221 2397 1483 2453 Ianuario
1521 2414 1571 2453 a.
1609 2414 1665 2454 u.
1701 2415 1748 2453 c.
1790 2402 1909 2452 ⁷05.

834 2537 1093 2595 CICERO
1135 2538 1349 2595 RUFO.

270 2647 530 2732 Quoquo
573 2648 766 2714 modo
812 2647 1195 2733 potuissem,
1236 2651 1304 2713 te
1350 2647 1809 2733 convenissem,
1854 2648 1911 2714 si
1956 2670 2056 2735 ec,

134 2758 264 2820 quo
311 2738 766 2821 constitueraS,
817 2737 1036 2800 venire
1083 2736 1422 2820 voluisses3
1468 2759 1692 2823 quare,
1746 2737 1868 2802 etsi
1924 2739 2056 2802 mei

136 2826 455 2892 commodi
509 2847 704 2891 causa
748 2846 1149 2890 commovere
1194 2847 1297 2890 me
1342 2827 1637 2911 noluisti,
1691 2829 1913 2891 tamen
1956 2826 2055 2891 ita

136 2914 458 2979 existimes
511 2915 732 2998 velim,
785 2935 888 2977 me
943 2915 1380 2979 antelaturum
1423 2915 1649 2999 fuisse,
1709 2915 1763 2980 si
1810 2916 1892 2980 ad
1946 2937 2053 2980 me

134 3002 444 3084 misisses»,
488 3004 890 3068 voluntatem
932 3006 1115 3068 tuam
1160 3004 1496 3069 commodo
1542 3025 1705 3069 meo.
1793 3002 1902 3068 Ad
1955 3025 2054 3089 ea,

136 3110 300 3172 quae
347 3090 674 3176 scripsisti,
720 3091 1115 3157 commodius
1153 3092 1448 3177 equidem
1491 3115 1749 3177 possem
1794 3093 1873 3157 de
1919 3093 2051 3157 sin·

137 3177 304 3260 gulis
367 3177 449 3241 ad
511 3181 577 3242 te
639 3181 832 3245 rebus
896 3181 1200 3266 scribere,
1263 3181 1318 3245 si
1373 3180 1460 3246 M.
1507 3181 1782 3265 Tullius,
1836 3181 2054 3246 scriba

274 3418 377 3487 Ep.
423 3425 505 3486 19,
533 3423 581 3471 2.
655 3436 796 3489 quae
836 3424 952 3477 sint
1002 3427 1303 3481 rectissima
1348 3427 1457 3494 (W.
1462 3442 1497 3496 ).
1625 3468 1636 3480 .
1682 3432 1814 3482 sunt
1854 3442 1901 3481 r.
1949 3426 2050 3495 M..

133 3488 323 3559 vulgo.
364 3518 430 3528 —
467 3489 725 3545 continuo
751 3495 961 3560 poteris
998 3494 1208 3567 (Crat).
1281 3513 1323 3552 c.
1355 3498 1559 3566 poterit
1662 3499 1722 3552 B.
