2338 3691
683 125 1203 182 EP181·0LARUM
1238 127 1386 183 xm.
1424 133 1653 184 48—52.
1991 128 2122 192 459

203 294 360 357 rem,
422 273 479 337 si
542 294 706 356 quae
768 295 871 337 res
934 276 1130 357 esset,
1192 271 1272 336 de
1325 294 1454 357 qua
1505 273 1691 338 valde
1743 271 2125 339 laborarem.

203 360 313 426 M'.
367 357 597 426 Curius
608 410 626 444 ‚
690 362 799 445 qui
851 360 1064 426 Patris
1118 363 1516 446 negotiatur,
1579 363 1673 426 ita
1725 360 1887 426 mihi
1939 363 2125 427 fami-

208 449 385 514 liaris
432 455 556 533 est,
609 452 685 513 ut
742 449 907 514 nihil
967 450 1176 533 possit
1238 472 1376 515 esse
1432 451 1865 515 coniunctius:
1921 452 2127 515 multa
2227 512 2230 513 γ

208 538 382 602 illius
427 537 498 601 in
543 559 645 601 me
702 537 941 621 officia,
994 539 1200 602 multa
1242 538 1314 603 in
1365 538 1550 603 illum
1603 560 1773 623 mea,
1828 540 2125 623 quodque

205 627 559 691 maximum
604 630 730 710 est,
785 648 1074 691 summus
1119 627 1290 690 inter
1334 649 1455 692 nos
1502 647 1683 692 amor
1728 637 1795 692 et
1845 633 2129 694 mutuuS.

209 713 389 790 Quae
436 737 634 799 quum
677 715 772 779 ita
818 716 967 798 sint,
1013 715 1067 780 si
1101 715 1303 780 ullam
1338 717 1409 779 in
1446 716 1729 780 amicitia
1763 738 1909 781 mea
1946 738 2124 800 spem
2162 731 2195 779 2

206 803 430 887 habes,
477 804 531 867 si
578 825 673 886 ea,
719 824 882 888 quae
927 805 997 868 in
1043 825 1144 868 me
1186 804 1400 868 officia
1445 809 1510 869 et
1556 804 1771 869 studia
1796 804 2128 869 Brundisii

209 892 564 976 contulisti,
608 893 706 956 vis
752 893 911 956 mihi
958 892 1152 956 etiam
1191 893 1477 978 gratiora
1514 892 1762 957 efficere
1788 929 1878 941 —
1905 915 2126 977 quam-

211 1002 408 1064 quam
471 985 626 1045 sunt
688 981 1055 1066 gratissima
1101 1018 1205 1065 —,
1269 983 1324 1045 si
1380 1002 1483 1046 me
1549 1003 1589 1046 a
1631 982 1762 1046 tuis
1827 982 2126 1047 omnibus

208 1068 417 1133 amari
461 1069 660 1154 vides,
704 1068 829 1134 hoe
874 1069 1035 1133 mihi
1081 1070 1163 1134 da
1210 1073 1402 1154 atque
1447 1070 1704 1155 largire,
1746 1075 1823 1134 ut
1865 1069 1971 1134 M’.
2004 1069 2127 1135 Cu-

209 1158 380 1222 rium
426 1161 673 1223 sartum
728 1162 794 1222 et
836 1161 1107 1242 tectum,
1158 1161 1236 1223 ut
1281 1159 1491 1242 aiunt,
1545 1158 1627 1222 ab
1685 1159 1985 1242 omnique
2030 1159 2127 1223 in-

215 1247 571 1330 commodo,
617 1247 1021 1330 detrimento,
1065 1247 1366 1311 molestia
1411 1247 1731 1311 sincerum
1775 1247 2127 1331 integrum-

213 1356 338 1421 que
385 1356 741 1400 conserves.
813 1334 903 1399 Et
944 1336 1083 1419 ipse
1131 1336 1416 1420 spondeo
1465 1340 1531 1400 et
1571 1334 1794 1400 omnes
1838 1334 1964 1400 hoc
2008 1335 2129 1399 tibi
2165 1414 2168 1419 Ι

209 1423 311 1488 tui
355 1445 475 1508 pro
521 1445 623 1488 me
668 1423 997 1508 recipient,
1043 1446 1121 1488 ex
1165 1446 1310 1489 mea
1356 1424 1638 1489 amicitia
1684 1427 1751 1488 et
1795 1445 1873 1487 ex
1906 1428 2021 1489 tuo
2059 1425 2129 1487 in

210 1534 316 1576 me
380 1512 593 1578 officio
653 1513 1003 1577 maximum
1065 1516 1130 1576 te
1184 1513 1469 1577 fructum
1523 1533 1965 1598 summamque
2019 1534 2130 1577 vo·

209 1602 528 1685 luptatem
573 1623 713 1666 esse
759 1605 1112 1686 capturum.
1204 1601 1386 1666 Vale.

1118 1777 1226 1842 LI.

886 1891 1002 1947 Sor.
1042 1907 1190 1946 anno
1226 1891 1455 1947 incerto.

678 2014 764 2069 M.
804 2014 1063 2070 CICERO
1101 2015 1163 2070 P.
1203 2014 1460 2071 CAESIO
1500 2014 1554 2070 S.
1592 2014 1659 2070 D.

349 2113 421 2180 P.
447 2114 857 2199 Messienum,
894 2116 1173 2199 equitem
1201 2115 1571 2180 Romanum
1612 2115 1911 2180 omnibus
1938 2113 2131 2178 rebus

215 2208 521 2269 ornatum
583 2225 923 2287 meumque
985 2204 1511 2288 perfamiliarem,
1573 2204 1694 2268 tibi
1752 2202 2131 2267 commendo

216 2313 299 2356 ea
344 2292 917 2376 commendatione,
963 2314 1125 2376 quae
1169 2297 1387 2376 potest
1432 2313 1571 2357 esse
1613 2290 2131 2376 diligentissima:

214 2382 371 2464 peto
426 2402 466 2444 a
517 2383 582 2444 te
639 2384 705 2445 et
755 2403 874 2464 pro
928 2384 1156 2445 nostra
1210 2384 1276 2444 et
1327 2403 1445 2464 pro
1500 2382 1773 2463 paterna
1833 2378 2136 2462 amicitia,

213 2472 293 2533 ut
337 2490 483 2533 eum
519 2470 591 2533 in
625 2472 807 2533 tuam
842 2469 1035 2534 fidem
1074 2469 1347 2553 recipias
1387 2470 1647 2552 eiusque
1692 2489 1829 2532 rem
1845 2495 1848 2498 >
1864 2468 2134 2532 famam-

215 2578 342 2641 que
386 2562 634 2621 tueare:
687 2558 896 2622 virum
940 2558 1186 2622 bonum
1242 2561 1504 2641 tuaque
1536 2556 1820 2621 amicitia
1864 2555 2136 2641 dignum

212 2645 341 2709 tibi
386 2645 752 2711 adiunxeris
797 2646 1081 2731 mihique
1129 2646 1569 2731 gratissimum
1611 2644 1862 2711 feceris.

1104 2821 1245 2887 LII.

893 2934 1006 2991 Ser.
1045 2952 1192 2990 anno
1229 2935 1463 2990 incerto.
1581 2963 1586 2966 ·

821 3055 1082 3113 CICERO
1138 3057 1315 3114 REGI
1370 3056 1522 3113 SAL.

351 3156 432 3224 A.
477 3157 763 3224 Licinius
810 3159 1193 3224 Aristoteles
1237 3158 1598 3223 Melitensis
1648 3154 2136 3241 antiquissimus

214 3250 318 3312 est
349 3247 588 3331 hospes
626 3269 807 3313 meus
845 3253 911 3313 et
945 3250 1279 3333 praeterea
1319 3246 1701 3311 coniunctus
1737 3264 1977 3328 magno
2014 3265 2137 3307 usu

359 3402 464 3475 Ep.
495 3410 579 3460 51.
635 3404 948 3460 Romanum
975 3405 1226 3460 omnibus
1254 3402 1348 3469 (W
1351 3405 1404 3471 .).
1467 3401 1559 3466 R„
1586 3416 1633 3453 o.
1663 3399 1860 3469 vulgo?
1924 3396 2027 3465 Ep.
2050 3402 2137 3449 52.

210 3475 541 3536 coniunctus
576 3477 713 3564 mihi
747 3491 946 3545 mayno
983 3475 1121 3542 (W.;
1158 3474 1296 3529 mihi
1330 3489 1373 3527 c.
1410 3488 1479 3525 m.
1517 3470 1641 3536 L.)?
