2338 3691
698 163 1214 219 EPISTOLARUM
1249 164 1368 219 V11.
1406 171 1633 220 20—23.
1994 161 2126 227 215

1060 411 1272 478 XXII.

884 525 997 580 Ser.
1039 542 1184 581 anno
1222 527 1451 581 incerto,

735 647 992 705 CICERO
1033 650 1402 705 TREBATIO
1443 649 1595 705 SAL.

303 812 314 817 ,
344 749 650 814 Illuseras
695 749 838 814 heri
882 751 1053 815 inter
1098 750 1394 836 scyphos,
1440 751 1612 835 quod
1651 750 1933 815 dixeram
1978 769 2126 814 con-

204 839 593 904 troversiam
638 860 795 923 esse,
838 842 1141 923 possetne
1177 840 1383 924 heres,
1428 840 1600 923 quod
1643 838 1890 904 furtum
1936 841 2129 902 antea

205 929 461 992 factum
498 931 683 1012 esset,
726 927 886 991 furti
922 931 1092 991 reete
1132 948 1342 1012 agere.
1414 927 1660 1012 Itaque,
1706 928 1827 992 etsi
1868 927 2128 992 domum

207 1017 380 1081 bene
427 1019 620 1101 potus
666 1037 933 1100 seroque
981 1016 1321 1101 redieram,
1377 1019 1597 1080 tamen
1641 1016 1707 1079 id
1753 1019 1973 1100 eaput,
2016 1015 2129 1079 ubi

209 1106 378 1170 haec
416 1106 852 1170 controversia
888 1107 1005 1188 est,
1040 1105 1264 1170 notavi
1293 1107 1358 1168 et
1385 1104 1776 1189 descriptum
1810 1105 1931 1168 tibi
1967 1105 2129 1187 misi,

209 1197 289 1258 ut
330 1193 522 1258 scires
557 1193 642 1276 id,
687 1193 856 1277 quod
893 1196 966 1257 tu
1003 1194 1328 1258 neminem
1367 1194 1640 1258 sensisse
1679 1192 1952 1275 dicebas,
1989 1190 2128 1256 Sex,

211 1281 507 1365 Aelium,
569 1279 674 1344 Μ’.
728 1280 1097 1365 Manilium,
1158 1281 1248 1346 M.
1300 1280 1580 1345 Brutum
1644 1281 1942 1346 sensisse:
2008 1300 2129 1365 ego

211 1375 443 1436 tamen
487 1368 827 1435 Scaevolae
874 1373 940 1434 et
985 1370 1218 1436 Testae
1263 1371 1596 1436 assentior.

1050 1581 1295 1647 XXIII.

291 1693 410 1748 Ser.
450 1693 659 1749 Romae
705 1694 858 1762 (ante
895 1693 1116 1748 Tulliae
1153 1695 1371 1749 obitum
1407 1696 1466 1749 et
1499 1694 1630 1763 post
1662 1692 1890 1748 initium
1926 1691 2063 1748 belli

718 1764 917 1831 civilis,
955 1764 1193 1820 fortasse
1231 1782 1279 1820 a.
1317 1784 1370 1819 u,
1411 1783 1458 1819 c.
1497 1768 1637 1834 708).

555 1891 641 1946 M.
681 1889 937 1945 CICERO
978 1890 1031 1944 S.
1068 1889 1136 1945 D.
1174 1890 1249 1944 M.
1287 1889 1508 1945 FADIO
1549 1888 1804 1945 GALLO.

360 1990 643 2056 Tantum
689 1991 859 2076 quod
908 2008 985 2053 ex
1029 1989 1334 2073 Arpinati
1371 2010 1688 2072 veneram,
1733 2009 1932 2073 quum
1975 1986 2135 2051 mihi

219 2101 261 2143 a
325 2082 389 2142 te
451 2079 705 2144 litterae
767 2079 1053 2143 redditae
1120 2081 1298 2162 sunt,
1361 2078 1443 2141 ab
1508 2077 1857 2161 eodemque
1921 2076 2136 2159 accepi

217 2167 490 2232 Avianii
522 2169 791 2252 litterae,
829 2168 901 2231 in
937 2167 1169 2251 quibus
1205 2165 1328 2231 hoe
1365 2166 1576 2230 inerat
1599 2165 2136 2247 liberalissimum,

221 2256 497 2321 nomina
540 2278 607 2321 se
651 2256 1000 2339 facturum,
1056 2277 1256 2339 quum
1299 2255 1580 2319 venisset
1589 2304 1607 2339 ,
1670 2275 1797 2337 qua
1842 2273 1962 2337 ego
2007 2253 2135 2317 vel-

220 2346 356 2410 lem
402 2343 520 2409 die.
609 2344 757 2429 Fac,
802 2366 1060 2429 quaeSO,
1106 2344 1218 2427 qui
1264 2364 1383 2428 ego
1431 2364 1593 2426 sum,
1637 2363 1774 2406 esse
1819 2345 1909 2405 te:
1957 2344 2136 2405 estne

222 2436 345 2498 aut
396 2433 494 2497 tui
547 2434 810 2517 pudoris
866 2436 979 2497 aut
1023 2432 1231 2496 nostri
1283 2433 1564 2516 primum
1619 2451 1849 2515 rogare
1896 2430 1973 2493 de
2019 2429 2139 2513 die,
2157 2449 2177 2469 ·

223 2521 460 2586 deinde
506 2522 651 2606 plus
698 2544 915 2585 annua
957 2520 1332 2605 postulare?
1380 2520 1490 2584 sed
1537 2523 1769 2602 essent,
1813 2518 1903 2582 mi
1939 2516 2139 2600 Galle,

224 2610 450 2676 omnia
501 2609 743 2694 facilia,
807 2609 862 2674 si
917 2614 983 2673 et
1035 2630 1111 2672 ea
1163 2611 1483 2673 mercatus
1538 2629 1736 2691 esseS‚
1798 2627 1962 2690 quae
2017 2626 2137 2690 ego

223 2697 689 2782 desiderabam,
733 2702 799 2763 et
842 2698 924 2762 ad
970 2719 1112 2762 eam
1158 2720 1500 2781 summam,
1545 2717 1739 2780 quam
1785 2696 2140 2776 volueram3

226 2808 307 2852 ao
351 2790 574 2851 tamen
617 2788 742 2851 ista
787 2788 946 2870 ipsa,
991 2807 1154 2870 quae
1200 2790 1266 2850 te
1313 2786 1540 2849 emisse
1579 2784 1823 2866 seribiS,
1867 2804 2003 2846 non
2041 2803 2138 2846 so—

223 2877 367 2940 lum
407 2878 556 2939 rata
600 2875 759 2939 mihi
804 2878 1020 2957 erunt,
1066 2874 1176 2939 sed
1224 2875 1418 2938 etiam
1463 2876 1675 2958 grata3
1728 2871 1921 2960 plane
1968 2870 2141 2933 enim

224 2963 527 3049 intelligo
590 2967 654 3027 te
718 2985 853 3028 non
914 2962 1105 3027 modo
1172 2961 1413 3046 studio,
1484 2961 1596 3025 sed
1666 2960 1862 3023 etiam
1926 2978 2141 3023 amore

225 3074 443 3135 usum,
488 3073 650 3135 quae
685 3055 751 3115 te
792 3051 1188 3135 delectarint,
1230 3050 1578 3132 hominem,
1622 3051 1697 3112 ut
1732 3068 1853 3132 ego
1892 3067 2143 3131 semper

225 3140 537 3224 iudicavi,
582 3140 653 3203 in
698 3141 875 3205 omni
917 3139 1151 3204 iudicio
1201 3137 1776 3223 elegantissimum,
1831 3157 1994 3219 quae
2040 3156 2141 3199 me

226 3229 436 3314 digna
477 3228 743 3313 putaris,
788 3228 1110 3293 coemisse.
1194 3224 1317 3291 Sed
1363 3226 1555 3289 velim
1600 3226 1863 3287 maneat
1904 3222 2140 3287 Dama-

228 3317 459 3401 sippus
503 3317 574 3381 in
618 3318 963 3400 sententia3
1017 3336 1281 3400 prorsus
1338 3313 1510 3376 enim
1565 3333 1643 3375 ex
1687 3311 1827 3374 istis
1875 3310 2141 3405 emptio:

232 3405 429 3470 nibus
481 3405 727 3471 nullam
772 3405 1087 3486 desider03
1140 3406 1216 3466 tu
1270 3404 1485 3464 autem
1537 3399 1802 3484 ignarus
1859 3396 2142 3491 instituti

236 3493 392 3576 mei,
451 3495 675 3577 quanti
727 3515 847 3579 ego
904 3513 1107 3578 genus
1155 3488 1419 3554 omnino
1476 3486 1808 3569 signorum
1855 3498 2142 3543 omnium

2224 3579 2256 3591 -Π
