2338 3691
739 113 1259 171 EPISTOLARUM
1293 113 1390 170 IV.
1432 120 1514 169 12.
1553 121 1636 169 13.
2019 113 2149 178 113

223 260 491 345 quidem
552 261 919 326 litterarum
979 260 1294 326 usitatum
1356 260 1658 325 veniebat
1716 258 1789 324 in
1841 261 2149 343 mentem3

221 372 427 415 unam
466 350 642 414 enim
676 354 928 434 partem
964 353 1031 414 et
1072 348 1606 415 consuetudinem
1647 370 1871 413 earum
1915 348 2149 432 episto·

222 440 460 523 larum,
497 438 731 523 quibus
768 438 1064 503 secundis
1100 438 1293 502 rebus
1328 438 1426 502 uti
1468 438 1851 520 solebamus,
1893 440 2151 540 tempus

224 528 560 612 eripuerat
604 527 1084 611 perfeceratque
1130 527 1422 611 fortuna,
1476 547 1558 591 ne
1614 525 1769 610 quid
1820 487 1953 590 tale
2000 527 2149 591 scri-

222 617 382 682 bere
445 638 708 701 possem
767 620 885 681 aut
954 616 1219 682 omnino
1284 577 1595 701 cogitare:
1668 614 2151 706 relinquebatur

224 706 418 772 triste
465 705 791 790 quoddam
836 709 902 770 et
944 706 1252 770 miserum
1296 708 1364 770 et
1406 704 1510 769 his
1553 704 1954 787 temporibus
2000 725 2150 769 con·

226 798 620 860 sentaneum
674 814 878 880 genus
932 795 1321 877 litterarum3
1381 793 1450 858 id
1504 814 1757 894 quoque
1817 792 2154 857 deficiebat

227 905 365 967 me,
416 883 490 948 in
538 905 665 967 quo
710 883 989 948 debebat
1031 905 1172 948 esse
1218 887 1334 948 aut
1375 882 1717 967 promissio
1773 882 1995 947 auxilii
2040 881 2152 946 ali·

226 972 417 1037 cuius
473 976 591 1037 aut
624 972 998 1038 consolatio
1053 972 1295 1038 doloris
1348 971 1462 1036 tui.
1561 969 1747 1047 Quod
1800 970 2153 1056 pollicerer,

229 1082 373 1126 non
416 1064 584 1145 erat3
630 1062 768 1145 ipse
814 1062 986 1127 enim
1031 1062 1175 1145 pari
1218 1061 1484 1126 fortuna
1539 1060 1826 1126 abiectus
1880 1061 2154 1127 aliorum

230 1150 468 1234 opibus
533 1171 720 1216 casus
782 1171 960 1216 meos
1024 1150 1471 1215 sustentabam
1542 1149 1923 1251 saepiusque
1993 1149 2154 1214 παίω

230 1239 540 1304 veniebat
582 1239 655 1303 in
699 1243 981 1305 mentem
1027 1239 1227 1324 queri,
1272 1238 1445 1323 quod
1487 1239 1583 1303 ita
1616 1239 1916 1323 viverem,
1960 1260 2155 1322 quam

232 1327 546 1413 gaudere,
594 1328 766 1411 quod
810 1328 1118 1412 viverem3
1174 1350 1563 1413 quamquam
1610 1327 1784 1392 enim
1826 1327 2009 1391 nulla
2051 1349 2154 1391 me
2192 1342 2224 1389 2

230 1417 452 1501 ipsum
516 1417 818 1502 privatim
869 1417 1122 1502 pepulit
1182 1417 1459 1502 insignis
1521 1416 1760 1481 iniuria
1820 1437 1942 1480 nec
1995 1416 2155 1480 mihi

233 1506 591 1590 quidquam
652 1507 772 1570 tali
830 1510 1122 1591 tempore
1186 1506 1257 1570 in
1319 1509 1605 1571 mentem
1666 1505 1846 1570 venit
1910 1507 2155 1590 optare,

236 1594 413 1679 quod
456 1615 596 1661 non
637 1596 810 1661 ultro
850 1595 1012 1659 mihi
1049 1593 1287 1660 Caesar
1322 1595 1641 1681 detulerit,
1684 1598 1908 1659 tamen
1949 1593 2153 1659 nihilo

236 1684 454 1748 minus
508 1684 602 1748 eis
649 1684 952 1749 conficior
997 1684 1193 1768 curis,
1236 1686 1312 1749 ut
1352 1685 1594 1769 ipsum,
1640 1684 1841 1785 quod·
1856 1703 2154 1748 maneam

236 1772 310 1837 in
361 1773 527 1856 vita,
580 1794 845 1858 peccare
898 1794 1002 1840 me
1056 1773 1443 1858 existimem3
1499 1793 1685 1839 careo
1740 1772 1913 1837 enim
1957 1795 2156 1858 quum

236 1861 762 1927 familiarissimis
807 1863 1057 1947 multis,
1102 1885 1264 1947 quos
1310 1867 1425 1927 aut
1466 1884 1641 1929 mors
1687 1863 1924 1947 eripuit
1964 1862 2155 1929 nobis

238 1955 355 2016 aut
411 1951 710 2016 distraxit
759 1952 944 2037 fuga,
1005 1956 1148 2017 tum
1214 1952 1511 2018 omnibus
1573 1951 1793 2017 amicis
1802 2002 1821 2036 ,
1884 1973 2156 2035 quorum

236 2040 759 2105 benevolentiam
810 2040 1001 2106 nobis
1064 2041 1442 2121 conciliarat
1501 2062 1617 2125 per
1669 2061 1772 2105 me
1830 2040 2157 2125 quondam

236 2132 303 2193 te
358 2127 539 2194 socio
594 2128 861 2194 defensa
917 2151 1018 2193 res
1064 2130 1351 2214 publica,
1411 2151 1756 2214 versorque
1818 2129 1891 2193 in
1935 2151 2156 2195 eorum

237 2217 602 2303 naufragiis
648 2221 714 2282 et
757 2218 1077 2283 bonorum
1122 2218 1609 2303 direptionibus,
1652 2239 1772 2283 nec
1818 2218 2009 2283 audio
2056 2239 2155 2283 so·

236 2306 406 2390 lum,
458 2307 633 2390 quod
685 2307 900 2390 ipsum
944 2310 1115 2372 esset
1156 2308 1490 2392 miserum,
1545 2307 1658 2373 sed
1713 2307 1909 2371 etiam
1952 2306 2157 2390 vide0,

239 2417 370 2479 quo
425 2395 592 2460 1111111
651 2399 750 2460 est
814 2397 1130 2482 acerbius,
1195 2418 1418 2462 eorum
1472 2359 1777 2463 fortunas
1842 2395 2157 2481 dissipari,

239 2484 478 2568 quibus
531 2506 654 2550 nos
719 2484 874 2551 olim
939 2485 1340 2551 adiutoribus
1403 2485 1563 2551 illud
1625 2485 1995 2550 incendium
2055 2506 2156 2550 ex·

238 2573 605 2659 stinximus,
648 2575 732 2657 et,
776 2573 848 2637 in
892 2595 1020 2658 qua
1055 2575 1215 2639 urbe
1251 2575 1443 2640 modo
1482 2575 1712 2661 gratia,
1757 2575 2157 2658 auctoritate,

238 2661 454 2747 gloria
514 2623 875 2746 floruiinus,
936 2663 1007 2728 in
1061 2685 1138 2728 ea
1190 2685 1364 2728 nunc
1418 2664 1499 2729 iis
1555 2663 1812 2748 quidem
1857 2663 2155 2728 omnibus
2189 2666 2190 2669 ’

238 2772 561 2835 caremus,
617 2751 982 2816 obtinemus
1034 2753 1239 2837 ipsius
1293 2751 1585 2818 Caesaris
1640 2774 1956 2819 summam
2001 2772 2157 2838 erga

238 2861 361 2905 nos
408 2839 898 2924 humanitatem,
943 2841 1054 2906 sed
1090 2863 1168 2906 ea
1203 2843 1349 2927 plus
1388 2863 1523 2908 non
1558 2843 1775 2927 potest
1820 2863 2014 2924 quam
2056 2840 2155 2905 vis

239 2932 306 2993 et
351 2929 627 2994 mutatio
667 2930 958 2995 omnium
992 2952 1207 2996 rerum
1245 2934 1437 3015 atque
1472 2934 1856 3016 temporum.
1926 2929 2153 3014 Itaque
2190 2951 2223 3001 3

241 3017 439 3083 orbus
485 3017 565 3083 iis
618 3018 811 3084 rebus
867 3020 1194 3104 omnibus,
1248 3021 1480 3104 quibus
1526 3023 1593 3084 et
1644 3022 1909 3084 natura-
1932 3041 2034 3084 me
2088 3023 2156 3084 et

383 3263 488 3334 Ep.
532 3271 614 3332 13,
643 3271 691 3319 2.
765 3270 945 3320 tamen
970 3267 1144 3322 nihilo
1181 3268 1365 3321 minus
1400 3268 1477 3321 eis
1513 3264 1656 3333 (edd.
1686 3268 1863 3337 vett..)
1935 3271 1974 3320 t.
2010 3266 2154 3319 nihil

242 3337 318 3390 eis
352 3335 428 3390 M.
511 3341 692 3390 tamen
727 3338 804 3392 eis
855 3337 1027 3407 (ΨΜ
1114 3343 1152 3392 t.
1191 3353 1305 3392 non
1347 3339 1490 3392 mhiz
1532 3339 1610 3391 eis·
1653 3338 1714 3391 Β.
1760 3368 1831 3377 -
1875 3342 1940 3390 ut
1972 3337 2153 3404 ipsum

243 3407 420 3533 ἔξω
453 3413 518 3548 ἵε
542 3408 832 3534 1tgtissipsum
868 3407 957 3463 Or.
997 3408 1160 3478 conj„
1199 3409 1260 3462 B.
1300 3439 1365 3448 --
1412 3423 1561 3463 nwnc
1595 3409 1669 3462 iis
1703 3394 1752 3476 q.
1792 3406 1935 3474 (edd.
1973 3405 2152 3469 vett).

351 3566 537 3611 ciceron
538 3570 578 3610 is
607 3567 732 3616 em
759 3568 799 3609 1.
1754 3546 1787 3592 8
2157 3602 2325 3660 ⁴
