2338 3691
251 105 381 170 586
816 99 892 159 M.
932 102 1178 158 ‘tunm
1214 81 1597 159 cmmoms

250 253 317 315 te
360 272 499 318 non
541 248 692 334 vidi,
736 269 862 334 quo
907 248 1074 314 nihil
1117 248 1577 315 amantissimis
1623 252 1691 313 et
1727 244 2150 316 coniunctissi·
2259 269 2260 336 j

251 339 374 403 mis
427 338 735 405 fratribus
790 337 1081 403 acerbius
1126 338 1163 378 ²¹⁵
1208 337 1503 403 miserius
1570 336 1837 420 videtur
1896 334 2152 403 accidere
2259 369 2260 372 π

252 426 558 512 potuisse,
592 426 809 497 minus
845 427 1164 506 acerbum,
1197 426 1413 492 minus
1449 426 1764 491 miserum
1801 426 1951 510 fuit,
1988 444 2154 507 quam

252 515 485 581 fuisset
527 536 725 597 quum
771 515 1159 601 congressiO,
1203 517 1345 582 tum
1382 536 1535 580 vero
1574 513 1905 599 digressio
1941 515 2153 578 nostra.

200 618 227 659 δ
252 601 318 670 N
319 624 464 687 une,
489 603 564 667 si
607 605 793 688 potes
838 602 923 688 id,
967 603 1140 687 quod
1186 624 1327 688 ego,
1371 603 1482 687 qui
1522 603 1644 668 tibi
1683 624 1953 687 semper
1993 598 2153 666 fortis

258 690 546 774 videbar,
589 712 726 757 non
769 713 1060 776 possum,
1115 692 1291 777 erige
1334 693 1400 756 te
1445 694 1513 756 et
1558 692 1911 775 confirma,
1957 690 2010 755 si
2051 707 2154 771 qua

255 779 589 846 subeunda
645 779 970 846 dimicatio
1026 781 1174 846 erit:
1229 801 1416 865 spero
1426 829 1444 863 ,
1503 779 1560 845 si
1614 779 1777 864 quid
1834 799 1982 844 mea
2033 795 2154 860 spes

252 868 452 933 habet
487 868 908 953 auctoritatis,
941 868 1064 934 tibi
1099 871 1165 933 et
1199 868 1642 954 integritatem
1674 871 1870 934 tuam
1908 870 1976 932 et
2010 884 2154 929 amo·

254 979 392 1022 rem
444 957 517 1021 in
568 959 634 1022 te
680 957 958 1022 civitatis
1004 959 1071 1022 et
1121 956 1365 1041 aliquid
1419 957 1614 1022 etiam
1666 954 2154 1023 misericordiam

255 1046 465 1111 nostri
516 1045 822 1131 praesidii
874 1046 1180 1129 laturam3
1234 1046 1339 1111 sin
1391 1046 1516 1110 eris
1571 1046 1654 1110 ab
1709 1045 1849 1111 isto
1896 1040 2154 1128 periculo

255 1155 526 1219 vacuus,
587 1154 742 1219 ages
789 1133 1054 1218 seilicet,
1111 1135 1169 1199 si
1222 1133 1377 1218 quid
1431 1134 1539 1220 agi
1593 1155 1789 1219 posse
1849 1133 1927 1197 de
1990 1127 2153 1196 nobis

256 1223 533 1309 putabis.
640 1222 739 1289 De
803 1244 931 1307 quo
997 1222 1290 1287 scribunt
1352 1222 1434 1287 ad
1496 1243 1601 1287 me
1663 1222 1933 1307 quidem
1992 1215 2154 1284 multi

256 1314 463 1377 multa
525 1314 593 1376 et
654 1331 723 1376 se
778 1332 1033 1394 sperare
1088 1311 1563 1412 demonstrant3
1627 1311 1740 1376 sed
1790 1331 1918 1397 ego
1931 1360 1950 1394 ,
2005 1302 2151 1390 quod

258 1422 536 1486 sperem,
587 1421 726 1465 non
780 1399 1074 1484 dispicio,
1128 1421 1325 1483 quum
1370 1399 1616 1465 inimici
1667 1400 2023 1483 plurimum
2063 1414 2150 1457 va·
2259 1441 2260 1446 η

256 1490 464 1573 leant,
517 1488 706 1553 amici
758 1488 997 1573 partim
1051 1488 1451 1553 deseruerint
1500 1510 1630 1573 me,
1682 1488 1931 1573 partim
1982 1483 2148 1549 etiam

258 1576 683 1661 prodiderint,
738 1576 849 1660 qui
901 1576 973 1641 in
1025 1596 1172 1642 meo
1224 1576 1438 1643 reditu
1497 1576 1778 1642 fortasse
1833 1572 2149 1661 reprehen-

260 1666 509 1732 sionem
554 1665 654 1731 sui
700 1665 957 1731 sceleris
1019 1663 1498 1750 pertimescunt.
1588 1663 1742 1749 Sed,
1786 1666 1921 1730 ista
1963 1658 2148 1746 qualia

261 1754 419 1838 sint,
481 1756 555 1819 tu
617 1753 811 1818 velim
872 1753 1223 1838 perspicias
1286 1754 1571 1837 mihique
1626 1753 1933 1819 declares.
2025 1746 2146 1829 Ego
2259 1805 2260 1810 ,

259 1847 497 1926 tamen,
542 1841 846 1927 quamdiu
883 1841 1004 1912 tibi
1040 1865 1203 1928 opus
1249 1842 1389 1926 erit,
1435 1843 1492 1908 si
1527 1842 1681 1927 quid
1716 1840 1988 1930 periculi
2026 1834 2145 1902 sub·

261 1930 542 1995 eundum
594 1930 866 2014 videbis,
928 1931 1169 1996 vivam:
1233 1930 1472 1999 diutius
1533 1930 1606 1996 in
1666 1931 1792 1998 hae
1848 1932 1984 1997 vita
2031 1942 2145 1989 esse

261 2040 397 2084 non
439 2039 729 2101 possum3
774 2039 982 2102 neque
1029 2020 1204 2084 enim
1238 2023 1496 2085 tantum
1532 2020 1763 2085 virium
1798 2020 1999 2085 habet
2037 2012 2147 2078 ulla

262 2109 377 2172 aut
401 2105 744 2190 prudentia
772 2109 886 2171 aut
912 2107 1225 2193 doctrina,
1260 2111 1335 2173 ut
1358 2110 1616 2173 tantum
1643 2109 1933 2174 dolorem
1967 2098 2145 2190 possit

209 2209 235 2251 ⁶
263 2195 597 2262 sustinere.
686 2192 832 2261 Seio
886 2195 1087 2261 fuisse
1140 2200 1207 2261 et
1258 2195 1593 2262 honestius
1646 2195 1964 2263 moriendi
2011 2196 2144 2256 tem·

262 2307 385 2369 pus
431 2288 498 2349 et
538 2284 788 2368 utilius3
833 2284 945 2349 sed
981 2305 1118 2350 non
1151 2284 1279 2350 hoe
1315 2285 1545 2368 solum,
1587 2286 1792 2350 multa
1829 2285 1958 2350 alia
1990 2296 2143 2365 prae·

261 2373 528 2457 termisi,
573 2393 736 2457 quae
783 2372 839 2438 si
883 2373 1063 2457 queri
1107 2373 1302 2437 velim
1345 2374 1710 2457 praeterita,
1754 2373 1920 2438 nihil
1964 2385 2145 2454 agam,

262 2462 391 2526 nisi
434 2464 510 2525 ut
554 2481 826 2546 augeam
872 2461 1159 2527 dolorem
1221 2464 1436 2547 tuum,
1493 2461 1772 2528 indicem
1831 2456 2141 2550 stultitian}

264 2570 490 2614 meam.
579 2547 751 2613 Illud
805 2549 1061 2633 quidem
1117 2570 1240 2615 nee
1291 2549 1658 2615 faciendum
1711 2553 1812 2615 est
1861 2568 1981 2616 nee
2027 2543 2143 2608 fien

263 2640 507 2723 potest,
569 2658 671 2703 me
735 2637 1002 2721 diutius,
1064 2658 1258 2722 quam
1321 2641 1437 2703 aut
1496 2642 1683 2704 tuum
1741 2642 1993 2722 tempus
2048 2629 2143 2694 aut

263 2726 450 2792 firma
495 2747 641 2811 spes
684 2726 1068 2810 postulabit,
1119 2727 1202 2791 in.
1234 2729 1373 2791 tam
1416 2727 1652 2792 misera
1693 2729 1952 2811 tamque
1992 2712 2142 2800 turpi
2259 2772 2260 2783 η

264 2815 400 2879 vita
444 2815 844 2900 commorari,
886 2816 978 2897 ut,
1022 2814 1134 2899 qui
1178 2815 1372 2881 modo
1407 2814 1607 2880 fratre
1623 2854 1626 2855 ν
1642 2815 1893 2898 fuerim,
1934 2805 2140 2884 liberis,

265 2903 566 2989 coniuge,
620 2902 820 2988 copiis
828 2951 865 2987 „
903 2922 1140 2988 genere
1193 2903 1336 2987 ipso
1387 2903 1698 2987 pecuniae
1749 2899 2138 2973 beatissimus,

406 3094 512 3165 Ep.
549 3101 602 3164 3,
629 3100 681 3150 4.
755 3096 1003 3151 acerbius
1037 3097 1070 3133 *
1104 3096 1356 3151 miserius
1390 3095 1538 3165 (W.).
1629 3114 1711 3164 a.,
1745 3096 1887 3152 πίλα
1919 3112 1983 3150 m.
2029 3082 2136 3156 (W·)

267 3167 370 3220 aut
403 3183 456 3220 a.
494 3170 596 3219 aut
628 3181 699 3221 m.
746 3169 847 3221 aut
882 3183 934 3221 α.
972 3181 1040 3221 ae
1072 3181 1140 3221 m.
1180 3165 1329 3234 (ΕΙ.)
1375 3169 1476 3221 aut
1511 3184 1563 3222 α.
1600 3172 1653 3222 et
1684 3183 1753 3223 m.
1799 3166 1930 3237 (W.)
1970 3162 2059 3217 aut
2086 3170 2134 3238 ‘a

265 3250 362 3289 nec
395 3251 463 3287 m.
503 3235 642 3304 (W.)
678 3237 780 3319 aut
814 3253 866 3291 α.
904 3236 1220 3292 miseriasve
1253 3235 1580 3307 (Bucheler.,
1615 3237 1719 3305 Β.).
1812 3242 1860 3292 5.
1906 3239 2048 3306 potes
2072 3223 2133 3288 αἴ,

266 3319 314 3371 q·
352 3303 501 3370 (W·)·
567 3321 646 3373 Pu
680 3306 744 3360 td
777 3323 826 3377 q.
864 3307 1054 3377 vulgo.
1100 3337 1169 3350 -
1216 3322 1374 3377 ωροτε
1397 3323 1561 3377 posse
1603 3307 1743 3377 (M1,
1783 3313 1907 3380 102„
1940 3304 2048 3373 R..)?
2077 3310 2133 3350 ³11
2259 3346 2260 3357 ,

265 3387 437 3510 eglog
449 3375 498 3426 te
523 3387 586 3441 p.
622 3375 793 3443 (W.)?
847 3405 916 3417 —
962 3378 1354 3446 pertimescunt
1400 3376 1521 3449 (L).
1584 3379 1969 3448 pertimescant
1998 3364 2133 3430 um.
