2338 3691
162 97 293 185 120
726 100 800 156 ιι.
839 97 1089 155 Tuan
1124 95 1508 154 emmonis

1069 366 1156 432 11.

727 478 842 536 Ser.
879 479 1092 535 Romae
1120 497 1169 534 a.
1208 498 1261 534 ιι.
1300 497 1345 534 c.
1386 485 1505 535 692.

158 603 232 660 M.
272 602 585 659 TULLIUS
621 604 694 658 M,
734 604 796 657 F.
836 602 1577 731 cssgEsslgng'sMssTELm
1616 601 1678 669 Q.
1715 602 1777 659 F.
1808 601 2079 657 CELERI

92 785 122 835 1
296 773 363 841 Si
407 778 482 840 tu
529 776 970 859 exercitusque
1014 775 1264 860 valetis,
1309 776 1472 840 bene
1518 777 1633 839 est.
1708 772 1946 839 Scribis
1993 774 2078 838 ad

160 886 262 929 me
317 867 411 938 te
438 864 838 930 existimasse
892 886 1012 950 pro
1058 868 1284 930 mutuo
1337 864 1509 929 inter
1560 885 1683 928 nos
1738 863 1953 928 am'mo
2011 865 2080 927 et

157 975 278 1039 pro
322 954 739 1019 reconciliata
784 954 996 1038 gratia
1046 975 1404 1040 numquam
1444 956 1511 1017 te
1556 973 1597 1016 a
1639 974 1742 1017 me
1794 951 2076 1017 ludibrio

159 1044 407 1107 laesum
467 1042 565 1107 iri.
654 1041 841 1118 Quod
897 1042 1256 1108 cuiusmodi
1320 1042 1431 1127 sit,
1493 1042 1651 1106 satis
1712 1040 2078 1125 intelligere

159 1153 297 1197 non
340 1152 634 1217 possum,
690 1131 803 1197 sed
857 1134 1079 1196 tamen
1132 1131 1424 1215 suspicor
1459 1130 1560 1195 ad
1611 1133 1678 1193 te
1724 1151 1865 1195 esse
1919 1130 2074 1194 alla-

159 1224 300 1285 tum
329 1243 429 1285 me
465 1221 537 1286 in
573 1225 820 1305 senatu,
858 1242 1057 1305 quum
1094 1220 1489 1305 disputarem
1523 1218 1876 1304 permultos
1917 1239 2078 1303 esse,

161 1310 273 1395 qui
298 1332 437 1375 rem
463 1310 790 1395 publicam
823 1332 862 1373 a
887 1331 989 1374 me
1019 1312 1466 1374 conservatam
1493 1307 1803 1392 dolerent,
1839 1307 2075 1372 dixisse

161 1420 202 1463 a
243 1401 310 1463 te
355 1400 754 1486 propinquos
797 1401 966 1482 tuos,
1011 1398 1245 1482 quibus
1290 1417 1529 1483 negare
1567 1418 1702 1462 non
1736 1396 2077 1482 potuisseS,

160 1488 558 1573 impetrasse,
601 1491 678 1553 ut
722 1508 814 1570 ea,
860 1508 1024 1572 quae
1071 1486 1405 1551 statuisses
1451 1486 1571 1550 tibi
1615 1486 1687 1550 in
1723 1488 1954 1550 senatu
1993 1484 2076 1550 de

160 1598 306 1641 mea
348 1577 540 1641 laude
585 1597 723 1641 esse
770 1538 1057 1662 dicenda,
1100 1576 1417 1641 reticeres.
1506 1573 1693 1651 Quod
1738 1596 1938 1660 quum
1982 1574 2075 1638 di-

163 1685 398 1750 cerem,
458 1663 619 1752 illud
675 1664 963 1749 adiunxi,
1024 1664 1186 1730 mihi
1247 1668 1464 1729 tecum
1514 1664 1611 1728 ita
1668 1663 2077 1748 dispertitum

163 1753 449 1818 officium
492 1753 692 1818 fuisse
736 1752 809 1816 in
850 1753 947 1817 rei
978 1754 1286 1838 publicae
1332 1754 1539 1818 salute
1583 1752 1946 1837 retinenda,
1984 1754 2078 1816 -ut

163 1863 285 1928 ego
348 1842 575 1908 urbem
638 1864 679 1907 a
725 1842 1109 1909 domesticis
1172 1842 1424 1908 insidiis
1485 1845 1554 1908 et
1615 1841 1698 1907 ab
1760 1841 2076 1906 intestino

164 1932 428 2017 scelere,
488 1935 564 1997 tu
616 1930 874 1997 Italiam
933 1935 1000 1997 et
1051 1932 1135 1997 ab
1191 1932 1456 1997 armatis
1507 1931 1806 1997 hostibus
1870 1933 1938 1996 et
1990 1931 2076 1996 ab

164 2021 417 2086 occulta
443 2020 887 2087 coniuratione
914 2021 1308 2105 defenderes,
1348 2025 1540 2106 atque
1575 2021 1747 2086 hanc
1783 2023 2076 2085 nostram

161 2109 332 2174 tanti
395 2112 460 2173 et
519 2113 657 2175 tam
716 2110 1032 2195 praeclari
1092 2110 1380 2175 muneris
1433 2110 1805 2176 societatem
1860 2131 1901 2173 a
1940 2109 2075 2174 tuis

161 2198 543 2282 propinquis
585 2199 1063 2284 labefactatam,
1108 2199 1245 2284 qui,
1291 2220 1489 2283 quum
1530 2202 1606 2264 tu
1651 2221 1691 2263 a
1734 2220 1836 2263 me
1880 2198 2077 2264 rebus

164 2286 577 2371 amplissimis
622 2291 817 2373 atque
858 2287 1526 2354 honorificentissimis
1568 2291 1838 2353 ornatus
1882 2307 2080 2373 esses,-

162 2375 560 2461 timuissent,
620 2398 704 2444 ne
767 2399 932 2462 quae
995 2377 1156 2442 mihi
1207 2399 1360 2463 pars
1421 2376 1539 2441 abs
1600 2381 1667 2441 te
1720 2377 2077 2442 voluntatis

92 2480 125 2531 2
163 2468 426 2533 mutuae
469 2466 879 2532 tribueretur.
967 2464 1113 2531 Hoc
1164 2467 1237 2531 in
1282 2486 1576 2531 sermone
1631 2487 1830 2551 quum
1886 2487 1928 2529 a
1970 2486 2078 2530 me

164 2559 607 2641 exponeretur,
652 2577 816 2641 quae
860 2576 1007 2619 mea
1050 2555 1443 2639 exspectatio
1487 2553 1721 2619 fuisset
1764 2554 2077 2620 orationis

162 2648 314 2713 tuae
358 2647 732 2731 quantoque
784 2644 856 2709 in
900 2665 1114 2708 errore
1167 2646 1459 2708 versatus
1504 2664 1739 2729 essem,
1791 2644 1932 2708 visa
1975 2647 2080 2708 est

165 2734 375 2801 oratio
417 2754 556 2799 non
598 2733 949 2798 iniucunda
991 2736 1060 2796 et
1093 2732 1432 2798 mediocris
1442 2732 1731 2834 ’quidam
1766 2736 1865 2798 est
1906 2732 2079 2798 risus

165 2825 568 2907 consecutus,
609 2844 747 2888 non
789 2822 862 2886 in
905 2825 992 2905 te,
1036 2821 1148 2886 sed
1185 2822 1393 2906 magis
1436 2822 1509 2899 ιιι
1545 2842 1825 2887 errorem
1860 2843 2080 2886 meum

165 2914 233 2975 et
275 2911 449 2996 quod
493 2933 596 2976 me
642 2912 760 2977 abs
801 2914 868 2975 te
913 2910 1164 2995 cupisse
1209 2895 1459 2975 laudari
1495 2913 1715 2993 aperte
1751 2915 1944 2995 atque
1978 2910 2079 2975 in-

166 3018 377 3084 genue
420 3000 793 3066 confitebar.
856 3003 1023 3064 Nam
1073 2999 1201 3065 hoc
1254 3021 1390 3065 non
1442 3002 1659 3082 potest
1708 2999 1780 3064 ιιι
1830 3004 1897 3064 te
1943 3020 2082 3076 non

164 3087 518 3154 honorifice
565 3109 702 3153 esse
749 3088 1018 3174 dictum,
1073 3109 1180 3153 me
1230 3089 1302 3153 in
1355 3087 1725 3152 clarissimis
1777 3088 1937 3153 meis
1984 3093 2082 3154 at-

167 3197 289 3258 que
335 3175 748 3259 amplissimis
792 3177 985 3242 rebus
1037 3180 1261 3242 tamen
1313 3177 1575 3261 aliquod
1634 3177 2083 3243 testimonium

93 3283 126 3331 3
163 3266 314 3327 tuae
359 3263 537 3327 vocis
580 3263 820 3328 habere
855 3266 1152 3330 voluisse.
1226 3263 1413 3342 Quod
1449 3269 1666 3330 autem
1701 3266 1795 3331 ita
1834 3266 2083 3353 scribiS,

305 3452 409 3521 Ep.
448 3457 499 3518 2,
529 3457 579 3506 2.
653 3452 977 3520 confitebar;
1012 3473 1142 3510 nam
1177 3457 1276 3512 hoc
1313 3456 1461 3526 (W.).
1503 3472 1545 3511 c.
1584 3453 1714 3506 Iam
1740 3453 1793 3508 h.
1820 3452 2003 3518 vulgo.
2061 3436 2064 3439 Ἴ

27 3592 177 3632 —.
