2338 3691
224 131 310 196 48
807 131 882 185 M.
922 129 1171 185 TULLII
1207 116 1588 200 CICERONIS

220 279 462 360 tecum,
511 273 664 341 sunt
700 276 872 341 enim
907 276 1132 360 multa,
1169 274 1282 341 sed
1319 296 1397 340 ea
1431 296 1568 340 non
1605 275 1809 340 audeo
1848 273 2146 339 scribere.

221 364 392 430 Illud
454 366 721 430 moleste
773 365 943 449 fero,
997 364 1162 429 nihil
1225 385 1327 428 me
1385 363 1596 428 adhuc
1647 363 1752 428 his
1810 362 1887 427 de
1949 362 2147 428 rebus

221 453 460 519 habere
494 456 756 519 tuarum
790 453 1181 538 litterarum3
1226 474 1423 537 quare
1461 451 1600 536 etsi,
1637 473 1837 535 quum
1872 454 1948 516 tu
1981 451 2148 516 haec

221 543 426 628 leges,
490 563 611 628 ego
674 543 805 607 iam
859 564 1148 607 annuum
1204 563 1440 606 munus
1495 540 1861 624 confecero,
1922 543 2148 605 tamen

224 631 450 697 obviae
495 631 656 695 mihi
701 631 893 695 velim
940 632 1072 695 sint
1113 633 1268 695 tuae
1312 630 1596 715 litterae,
1642 651 1806 713 quae
1852 650 1954 692 me
2001 650 2147 693 eru-

223 720 407 784 diant
452 719 530 784 de
577 720 754 786 omni
797 742 867 784 re
904 720 1182 804 publica,
1227 740 1309 783 ne
1344 718 1582 803 hospes
1618 719 1812 802 plane
1858 717 2143 783 veniam:

222 809 349 874 hoc
393 809 623 874 melius
669 830 862 892 quam
907 812 982 873 tu
1026 808 1239 873 facere
1274 828 1466 873 nemo
1508 810 1742 892 potest.
1814 805 2147 892 Diogenes

222 900 403 982 tuuS,
465 897 660 963 homo
726 897 1083 982 modestus,
1147 919 1189 962 a
1240 917 1344 961 me
1409 917 1556 962 cum
1607 894 1881 961 Philone
1935 893 2146 960 Pessi-

224 989 429 1051 nunte
503 986 797 1051 discessit
808 1008 827 1067 ς
915 987 1040 1050 iter
1109 986 1442 1051 habebant
1523 984 1606 1050 ad
1678 983 2147 1071 Adiatorigem,

225 1096 616 1158 quamquam
664 1075 883 1140 omnia
925 1095 1046 1138 nec
1089 1075 1377 1160 benigna
1421 1095 1542 1139 nec
1595 1074 1858 1158 copiosa
1903 1093 2144 1158 cogno-

223 1166 393 1228 rant.
465 1162 728 1248 Urbem,
772 1163 1017 1247 urbem,
1062 1163 1152 1226 mi
1188 1162 1376 1248 Rufe,
1422 1162 1560 1228 cole
1605 1165 1672 1227 et
1713 1162 1786 1226 in
1829 1162 1958 1226 ista
2001 1163 2145 1227 luce

224 1252 394 1317 vive:
426 1252 636 1318 omnis
663 1251 1099 1338 peregrinatio
1129 1288 1214 1298 —
1246 1250 1418 1336 quod
1446 1272 1568 1338 ego
1598 1250 1680 1315 ab
1710 1251 2147 1316 adolescentia

224 1340 503 1406 iudicavi
540 1377 626 1388 -
666 1341 939 1406 obscura
993 1344 1059 1404 et
1104 1340 1363 1406 sordida
1407 1343 1508 1405 est
1557 1341 1639 1405 iis
1646 1390 1665 1424 ,
1720 1361 1995 1423 quorum
2046 1340 2143 1404 in·

226 1429 473 1495 dustria
534 1429 780 1496 Romae
844 1433 1062 1515 potest
1131 1429 1402 1495 illustris
1470 1450 1636 1515 esse3
1710 1428 1881 1512 quod
1945 1451 2145 1513 quum

223 1518 425 1603 probe
491 1519 749 1603 scirem,
809 1519 1062 1583 utinam
1115 1520 1187 1583 in
1241 1519 1565 1582 sententia
1618 1517 2142 1602 permansissem!

228 1629 374 1672 cum
417 1628 551 1672 una
594 1609 958 1672 mehercule
1004 1607 1557 1672 ambulatiuncula
1602 1609 1796 1690 atque
1832 1627 1966 1672 uno
2014 1629 2142 1671 ser-

225 1716 417 1760 mone
480 1699 705 1761 nostro
771 1708 993 1761 omnes
1055 1696 1306 1761 fructus
1368 1695 1738 1780 provinciae
1800 1717 1937 1761 non
1994 1716 2143 1761 con-

226 1784 383 1850 fero.
492 1782 692 1869 Spero
756 1806 858 1849 me
921 1784 1315 1871 integritatis
1378 1784 1637 1850 laudem
1700 1786 2146 1851 consecutum:

228 1895 367 1939 non
412 1877 552 1938 erat
595 1874 807 1940 minor
851 1896 931 1939 ex
965 1873 1455 1959 contemnenda,
1502 1896 1695 1959 quam
1741 1876 1841 1938 est
1876 1895 1955 1939 ex
1991 1896 2146 1940 con-

229 1965 483 2027 servata
517 1963 868 2047 provincia.
939 1964 982 2043 †
991 1961 1224 2048 „Spem
1258 1961 1653 2048 triumphi‘?“
1695 1962 1936 2047 inquis:
1984 1964 2146 2028 satis

228 2051 507 2137 gloriose
559 2051 1055 2137 triumpharam3
1117 2074 1254 2118 non
1322 2073 1528 2117 essem
1583 2051 1841 2136 quidem
1893 2052 2147 2117 tamdiu

226 2140 298 2204 in
325 2140 638 2206 desiderio
665 2162 881 2206 rerum
906 2141 1066 2206 mihi
1094 2139 1587 2206 carissimamm.
1661 2139 1799 2224 Sed,
1834 2144 1909 2205 ut
1936 2162 2149 2226 spero,

225 2228 600 2382 proffidigm
644 2232 708 2293 te
754 2230 1009 2295 videbo:
1055 2234 1129 2294 tu
1175 2229 1334 2294 mihi
1381 2229 1639 2295 obviam
1675 2229 1859 2293 mitte
1881 2289 1886 2292 „
1906 2229 2145 2314 episto—

253 2339 324 2382 as
523 2337 728 2398 ignas.

369 2580 472 2651 Ep.
497 2588 579 2650 12,
604 2589 650 2637 1.
706 2580 1234 2650 iisderebus(W.)2
1303 2588 1353 2636 2.
1395 2581 1952 2638 PessinmttemMart.
1957 2581 2042 2636 L.
2047 2583 2144 2650 ,.B

229 2684 297 2693 —
336 2653 412 2707 ad
446 2651 744 2723 Adiatoriq
745 2670 825 2707 em
853 2652 1207 2721 (Taurellus).
1281 2654 1646 2723 adiatoreyem
1670 2653 1743 2708 M.
1817 2653 1887 2709 ab
1916 2653 2146 2724 Ioriqqe

230 2725 326 2780 alt.
364 2724 439 2778 Μ.
478 2740 560 2777 ex.
601 2725 670 2778 ab
707 2724 1034 2794 Adiatoriqe
1068 2723 1234 2778 Mart.
1239 2722 1341 2791 L.,
1380 2723 1442 2778 B.
1480 2754 1551 2764 —
1585 2739 1915 2794 quamquam
1958 2725 2150 2780 omnia

226 2812 323 2851 nec
361 2796 599 2865 beniqna
632 2810 729 2849 nec
764 2795 984 2866 copiosa
1020 2794 1153 2865 (ΜΗ)
1229 2811 1341 2864 qua
1374 2811 1472 2850 nec
1508 2796 1800 2865 beniqnam
1832 2810 1931 2850 nec
1966 2798 2148 2864 copio-

226 2882 344 2921 sam
380 2865 478 2919 alt.
514 2866 588 2919 M.
628 2881 709 2919 ex.
757 2882 911 2935 quem
945 2881 1042 2920 nec
1077 2865 1369 2936 beniynwm
1412 2882 1509 2921 mc
1553 2867 1827 2935 copiosum
1870 2864 2037 2920 Mart.
2042 2866 2148 2934 -.,L

227 2936 288 2990 B.
391 2942 438 2989 3.
497 2937 809 3005 provincia.
881 2940 954 3004 †,
956 2935 1135 3005 ,Spem
1179 2937 1510 3006 triumphi&
1564 2938 1753 3007 inquis
1807 2936 1916 3004 (W.
1919 2938 1956 3005 ).
2050 2955 2147 3007 pr.

227 3007 344 3074 „At
377 3023 523 3076 spem
559 3013 627 3061 tr.
666 3012 806 3074 —“,
853 3009 890 3061 i.
931 3010 1030 3063 aut
1057 3024 1151 3077 pr.
1197 3009 1315 3074 „At
1348 3024 1495 3078 spem
1540 3013 1609 3064 tr.
1647 3024 1761 3063 non
1795 3007 2070 3075 haberem,
2106 3010 2148 3062 i.

229 3079 495 3202 pugpq,
478 3078 678 3203 ,ἐςΡεηι
705 3083 812 3135 tr.“
809 3119 831 3149 ,
855 3080 895 3135 i.
882 3118 961 3148 .„
942 3076 1360 3147 „contmnis?“
1398 3078 1550 3151 (Wu)
1612 3079 1925 3149 provincia.
1963 3094 2150 3149 ,sspem

252 3165 283 3202 r
420 3150 460 3204 i.
549 3190 561 3204 .
