2338 3691
201 174 336 239 484
767 173 844 228 M.
883 172 1131 228 TULLII
1167 171 1548 229 CICERONIS

201 319 466 405 propria
493 321 609 383 est.
681 316 901 382 Meum
935 316 1063 382 fuit
1090 316 1379 392 officium
1412 317 1515 381 vel
1549 316 1875 402 legatione
1911 315 2120 380 vitare

199 408 556 493 periculum
599 407 702 471 vel
748 405 1086 491 diligentia
1139 409 1208 470 et
1250 405 1454 490 copiis
1507 405 1805 470 resistere
1858 404 1962 469 vel
2015 425 2121 469 ca·

203 495 352 560 dere
396 494 676 559 fortiter:
719 494 846 560 hoc
880 494 1198 577 miserius,
1243 494 1517 578 turpius,
1559 492 1892 578 indignius
1927 492 2120 558 nobis

132 596 166 646 2
201 582 369 649 nihil
411 582 554 647 fuit.
626 582 837 659 Quare
861 605 1083 685 ‘quum
1119 583 1340 648 dolore
1375 582 1701 665 conficior,
1744 584 1884 646 tum
1920 581 2117 646 etiam

201 670 474 757 pudore.
530 671 730 756 pudet
773 671 947 736 enim
1000 694 1103 737 me
1148 671 1334 736 uxori
1392 692 1571 736 meae
1618 670 1928 754 optimae,
1972 691 2119 734 sua-

202 759 482 825 vissimis
534 760 753 825 liberis
807 760 1112 825 virtutem
1164 763 1235 825 et
1289 759 1694 845 diligentiam
1746 780 1884 824 non
1934 778 2118 842 prae-

204 848 473 931 stitisse;
525 870 680 913 nam
723 848 883 914 mihi
927 853 1082 913 ante
1136 849 1357 914 oculos
1406 848 1541 913 dies
1585 850 1936 931 noctesque
1979 868 2117 911 ver-

204 940 386 1002 satur
440 938 700 1021 squalor
752 939 964 1002 vester
1026 940 1093 1002 et
1143 958 1399 1002 maeror
1443 940 1511 1001 et
1560 935 1904 1001 infirmitas
1948 936 2118 1000 vale·

201 1024 448 1090 tudinis
474 1029 645 1109 tuae,
679 1046 828 1109 spes
864 1028 1081 1090 autem
1108 1026 1336 1090 salutis
1371 1024 1703 1110 pertenuis
1738 1023 2118 1089 ostenditur.

202 1111 456 1179 Inimici
502 1118 657 1182 sunt
700 1113 905 1197 multi,
946 1114 1151 1178 invidi
1185 1135 1391 1197 paene
1429 1135 1679 1179 omnes.
1725 1112 1951 1177 eiicere
1996 1134 2119 1178 nos

203 1223 515 1357 ffiss‘gssssff
523 1202 702 1356 ἓξὲξ
729 1201 1003 1375 33⁰¹&ss
992 1202 1554 1374 f⁶nfiz⁰¹i12321235
1557 1202 2119 1356 ἁῃῗῗᾷᾌὲᾭῗ.

135 1391 167 1440 3
206 1380 396 1462 culpa
441 1380 742 1446 cecidisse
786 1379 1143 1445 videantur.
1215 1378 1312 1444 Ut
1353 1379 1397 1458 †
1431 1381 1578 1444 tuto
1625 1379 1765 1463 sim,
1810 1378 1983 1462 quod
2027 1379 2117 1442 la-

204 1467 424 1551 boras,
484 1468 551 1532 id
614 1468 772 1534 mihi
836 1489 1011 1532 nunc
1063 1467 1443 1533 facillimum
1496 1470 1623 1552 est,
1677 1488 1870 1551 quem
1922 1467 2118 1532 etiam

202 1555 449 1621 inimici
510 1557 741 1622 volunt
799 1556 1013 1622 vivere
1075 1556 1149 1621 in
1201 1556 1304 1621 his
1366 1556 1569 1621 tantis
1631 1554 1932 1638 miseriis3
1995 1576 2115 1641 ego

203 1647 426 1710 tamen
470 1645 724 1729 faciam,
770 1666 933 1729 quae
977 1645 1314 1729 praecipis.
1402 1643 1676 1728 Amicis,
1731 1643 1963 1727 quibus
2008 1665 2114 1708 vo-

203 1731 411 1817 luisti,
455 1733 561 1818 egi
605 1734 848 1819 gratias
894 1736 961 1797 et
1003 1755 1114 1798 eas
1158 1734 1410 1799 litteras
1454 1732 1752 1816 Dexippo
1799 1732 1944 1797 dedi
1990 1753 2116 1797 me-

207 1841 331 1905 que
395 1821 473 1886 de
537 1843 759 1888 eorum
821 1821 1037 1888 officio
1093 1821 1321 1907 scripsi
1374 1843 1414 1886 a
1465 1824 1531 1887 te
1586 1820 1925 1887 certiorem
1979 1842 2116 1886 esse

204 1909 470 1974 factum.
557 1909 862 1976 Pisonem
914 1913 1212 1976 nostrum
1266 1911 1534 1976 mirifico
1589 1932 1729 1976 esse
1788 1909 2003 1975 studio
2047 1910 2119 1974 in

206 2018 328 2062 nos
374 2000 442 2063 et
483 1997 699 2065 officio
737 2002 804 2064 et
838 2019 961 2085 ego
997 1999 1315 2084 perspicio
1353 2003 1419 2064 et
1455 2020 1681 2065 omnes
1716 1998 2117 2086 praedicant.

207 2085 274 2150 di
335 2086 573 2171 faxint,
642 2090 717 2152 ut
777 2087 895 2153 tali
967 2108 1208 2173 genero
1279 2087 1441 2153 mihi
1510 2088 1837 2172 praesenti
1904 2091 2120 2153 tecum

208 2174 399 2240 simul
444 2177 510 2239 et
554 2196 701 2240 cum
743 2176 963 2241 liberis
998 2176 1240 2241 nostris
1275 2176 1405 2242 frui
1443 2176 1660 2242 liceat!
1731 2175 1797 2241 N
1798 2197 1926 2241 unc
1971 2197 2119 2260 spes

207 2263 456 2347 reliqua
500 2267 600 2328 est
640 2264 711 2328 in
756 2264 942 2329 novis
994 2264 1275 2329 tribunis
1326 2265 1415 2349 pl.
1461 2267 1527 2328 et
1577 2265 1650 2329 in
1702 2264 1928 2348 primis
1983 2265 2120 2349 qui·

138 2362 173 2410 4
209 2351 356 2416 dem
403 2351 653 2435 diebus3
697 2373 871 2436 nam,
917 2352 975 2417 si
1016 2352 1409 2437 inveterarit,
1454 2355 1673 2417 actum
1717 2356 1832 2418 est.
1903 2350 2007 2417 Ea
2050 2374 2122 2417 re

207 2438 291 2503 ad
336 2443 401 2502 te
448 2441 667 2504 statim
704 2439 1160 2506 Aristocritum
1206 2441 1372 2525 misi,
1416 2443 1491 2504 ut
1535 2441 1617 2505 ad
1661 2462 1763 2506 me
1809 2441 2121 2507 continuo

206 2526 397 2593 initia
439 2549 653 2593 rerum
699 2531 766 2593 et
807 2528 1127 2594 rationem
1171 2528 1373 2594 totius
1418 2529 1668 2615 negotii
1702 2551 1925 2614 posses
1967 2530 2120 2595 scri·

204 2615 387 2700 bere,
438 2617 561 2682 etsi
601 2616 899 2702 Dexippo
942 2638 1200 2701 quoque
1245 2618 1338 2681 ita
1389 2617 1728 2702 imperavi,
1781 2619 2002 2682 statim
2045 2622 2125 2683 ut

207 2709 580 2789 recurreret,
625 2708 692 2771 et
735 2706 818 2770 ad
861 2705 1130 2770 fratrem
1165 2706 1332 2790 misi,
1377 2708 1452 2770 ut
1487 2707 1710 2771 crebro
1747 2706 2123 2773 tabellarios

206 2794 521 2878 mitteret3
572 2816 728 2859 nam
773 2815 895 2880 ego
943 2815 1019 2859 eo
1064 2794 1328 2859 nomine
1374 2816 1518 2859 sum
1560 2794 1952 2880 Dyrrhachii
1996 2795 2124 2860 hoc

206 2885 522 2967 tempore,
574 2886 652 2947 ut
695 2904 889 2966 quam
934 2882 1287 2967 celerrime,
1342 2882 1495 2967 quid
1540 2886 1800 2969 agatur,
1844 2884 2125 2969 audiam,

208 2973 276 3034 et
318 2993 462 3036 sum
513 2973 688 3054 tuto,
740 2970 966 3036 civitas
1030 2971 1204 3036 enim
1256 2970 1416 3036 haec
1467 2993 1722 3057 semper
1773 2994 1814 3036 a
1855 2994 1961 3037 me
2016 2973 2123 3038 de-

207 3057 395 3123 fensa
457 3061 573 3124 est.
671 3019 893 3136 ²Quum
952 3059 1197 3125 inimici
1256 3060 1464 3125 nostri
1527 3061 1746 3126 venire
1808 3061 2127 3145 dicentur,

139 3164 172 3212 5
207 3147 349 3208 tum
390 3147 463 3210 in
504 3146 777 3231 Epirum
821 3148 950 3213 ibo.
1039 3146 1225 3223 Quod
1270 3148 1496 3215 scribis
1540 3152 1636 3231 te,
1679 3149 1736 3214 si
1780 3149 1993 3235 velim,
2038 3113 2127 3215 ad

198 3406 324 3460 sm
335 3339 449 3474 :¹⁴³5
476 3347 613 3464 3’3?
638 3344 925 3477 ,3⁰2⁶ssssss
958 3343 1120 3482 ἓξὲξ.
1152 3374 1237 3459 ’ν
1239 3358 1626 3484 ιιᾜηειῗὲαἷ.
1641 3342 1776 3467 fflztit)
1798 3339 2122 3479 ιιῖιίαΞἪ1

200 3477 299 3531 aut
333 3482 396 3531 ut
430 3479 495 3531 in
529 3485 646 3535 tuto
683 3484 792 3551 (W.
793 3486 830 3552 ).
