2338 3691
176 147 279 203 DE
304 128 698 203 PE'rrr'louE
729 138 1042 199 CONSUL.
1070 143 1172 200 AD
1199 140 1273 199 M.
1302 141 1660 199 FRATREM
1685 150 1914 201 43-48.
1968 142 2097 208 659

178 292 326 357 aliis
369 296 439 357 te
483 292 675 357 rebus
722 293 1129 356 exsarturum
1174 310 1314 356 esse
1366 290 1772 376 persuadeas,
1839 289 2099 355 ¹Audivi
2119 274 2188 325 ¹²

174 381 302 445 hoc
358 381 573 445 dicere
627 378 950 464 quendam
1004 378 1082 443 de
1136 378 1520 462 quibusdam
1575 376 1964 461 oratoribus,
2018 376 2101 442 ad

177 490 341 552 quos
400 489 662 534 causam
718 489 902 532 suam
956 466 1317 550 detulisset,
1378 466 1727 551 gratiorem
1780 465 1905 531 sibi
1947 485 2099 530 ora·

171 557 431 622 tionem
484 556 685 622 fuisse
729 557 886 635 eius,
942 555 1054 639 qui
1106 558 1435 641 negasset,
1488 575 1682 639 quam
1734 553 1935 636 illius,
1990 553 2103 637 qui

171 645 552 728 recepisset.
643 642 748 709 Sic
799 605 1096 712 hdmines
1147 643 1366 709 fronte
1423 647 1491 709 et
1544 642 1835 708 oratione
1891 640 2101 727 magis

172 754 379 817 quam
427 733 571 817 ipso
616 732 925 798 beneficio
979 752 1175 815 reque
1229 732 1589 815 capiuntur.
1678 729 1925 796 Verum
1976 730 2100 795 hoc

171 821 524 905 probabile
570 824 695 904 est,
737 821 897 886 illud
943 821 1217 886 alterum
1262 818 1615 885 subdurum
1657 818 1809 903 tibi,
1850 818 2103 885 homini

172 908 554 993 Platonico,
599 909 892 995 suadere,
946 909 1059 974 sed
1111 911 1333 974 tamen
1375 907 1651 992 tempori
1702 911 1818 973 tuo
1873 927 2101 972 consu·

177 998 340 1062 lam.
398 997 633 1081 quibus
686 998 860 1062 enim
911 1000 978 1061 te
1032 1000 1298 1082 propter
1350 996 1610 1081 aliquod
1665 994 1948 1062 officium
1992 1015 2102 1060 ne·

179 1086 598 1151 cessitudinis
662 1086 1012 1152 affuturum
1071 1085 1359 1172 negaris,
1428 1081 1653 1150 tamen
1719 1084 1769 1149 ii
1829 1086 2106 1169 possunt

181 1175 303 1239 abs
365 1178 436 1239 te
497 1174 737 1259 placati
800 1174 1112 1259 aequique
1176 1173 1529 1257 discedere3
1591 1172 1824 1257 quibus
1887 1175 2104 1237 autem

182 1262 427 1328 idcirco
473 1263 751 1349 negariS,
796 1262 969 1347 quod
1011 1267 1077 1327 te
1121 1261 1501 1346 impeditum
1546 1282 1686 1327 esse
1720 1260 1953 1330 dixeris
1991 1261 2106 1325 aut

185 1352 545 1416 amicorum
588 1351 926 1417 hominum
969 1351 1250 1450 negotiis
1296 1353 1411 1415 aut
1446 1348 1849 1436 gravioribus
1893 1348 2104 1415 causis

186 1443 305 1503 aut
369 1442 521 1504 ante
594 1439 937 1524 susceptis,
1005 1436 1251 1504 inimici
1322 1435 1683 1523 discedunt,
1751 1456 2103 1521 omnesque

186 1527 315 1592 hoc
371 1528 587 1593 animo
653 1533 832 1612 sunt,
883 1531 960 1594 ut
1013 1527 1138 1592 sibi
1190 1530 1257 1591 te
1310 1526 1571 1593 mentiri
1623 1526 1856 1591 malint
1910 1545 2104 1609 quam

186 1636 449 1701 negare.
540 1614 610 1681 O.
655 1614 876 1701 Cotta,
932 1617 1004 1680 in
1049 1615 1401 1681 ambitione
1447 1614 1705 1699 artifex,
1750 1614 1958 1679 dicere
2004 1635 2104 1679 so·

187 1704 371 1768 lebat
416 1725 485 1767 se
531 1714 794 1788 operam
839 1725 1048 1788 suam,
1102 1702 1316 1788 quoa‘d
1369 1725 1505 1769 non
1550 1706 1778 1768 contra
1823 1702 2106 1768 officium

191 1795 563 1876 rogaretur,
623 1791 914 1876 polliceri
977 1793 1179 1858 solere
1235 1792 1561 1876 omnibuS,
1617 1791 1946 1875 impertire
2009 1791 2105 1875 iis,

193 1879 374 1964 apud
427 1901 589 1964 quos
645 1880 887 1965 optime
947 1882 1104 1966 poni
1165 1882 1613 1964 arbitraretur3
1672 1879 1817 1946 ideo
1873 1900 1941 1945 se
1995 1900 2105 1945 ne·

191 1968 356 2033 mini
411 1989 680 2054 negare,
743 1969 914 2052 quod
969 1974 1158 2054 saepe
1214 1970 1531 2035 accideret
1583 1988 1803 2053 causa,
1865 1990 1981 2034 cur
2030 1969 2106 2052 is,
2186 1990 2194 1991 ’

192 2057 298 2122 cui
350 2057 676 2140 pollicitus
741 2060 937 2142 esset,
997 2079 1135 2124 non
1196 2062 1510 2143 uteretur,
1572 2078 1789 2142 saepe,
1840 2060 1917 2122 ut
1966 2057 2104 2140 ipse

192 2145 406 2231 magis
459 2149 628 2210 esset
688 2167 957 2229 vacuus,
1013 2167 1210 2232 quam
1265 2149 1583 2230 putasset3
1644 2166 1873 2230 neque.
1913 2164 2105 2228 posse

193 2233 333 2298 eius
378 2233 642 2299 domum
686 2234 1020 2318 compleri,
1074 2234 1185 2318 qui
1228 2237 1487 2299 tantum
1540 2234 1731 2299 modo
1777 2233 2106 2317 reciperet,

191 2325 511 2405 quantum
554 2321 801 2386 videret
837 2344 905 2387 se
941 2321 1119 2387 obire
1155 2343 1372 2407 posse:
1418 2343 1570 2388 casu
1604 2322 1763 2405 fieri,
1797 2325 1873 2386 ut
1907 2341 2105 2407 agan-

189 2412 300 2474 tur
347 2431 450 2493 ea,
502 2431 667 2495 quae
720 2431 858 2475 non
909 2411 1187 2495 putariS,
1238 2411 1377 2496 illa,
1431 2431 1595 2494 quae
1649 2409 1990 2475 credideris
2034 2410 2106 2474 in

189 2498 494 2563 manibus
558 2518 725 2583 esse,
787 2501 863 2563 ut
925 2497 1141 2582 aliqua
1204 2498 1282 2563 de
1346 2520 1542 2564 causa
1600 2519 1737 2564 non
1801 2501 2104 2584 agantur3

190 2586 428 2651 deinde
473 2606 614 2651 esse
660 2589 1041 2671 extremum,
1083 2590 1162 2652 ut
1204 2587 1520 2652 irascatur
1562 2587 1644 2670 is,
1696 2587 1800 2651 cui
1844 2586 2105 2651 menda-

189 2675 365 2740 cium
419 2673 669 2739 dixeris.
758 2674 852 2759 Id,
897 2675 952 2739 si
995 2675 1365 2760 promittas,
1424 2679 1492 2741 et
1533 2675 1850 2740 incertum
1895 2678 1996 2739 est
2039 2678 2106 2739 et

190 2762 262 2826 in
319 2761 486 2826 diem
550 2767 620 2827 et
679 2763 750 2827 in
803 2764 1241 2847 paucioribus3
1308 2763 1412 2829 sin
1475 2768 1691 2828 autem
1751 2783 1974 2848 neges,
2038 2767 2106 2828 et

190 2853 365 2914 certe
429 2850 753 2916 abalienes
817 2854 884 2916 et
944 2852 1164 2916 statim
1229 2855 1296 2916 et
1345 2851 1590 2937 plureS,
1650 2851 1867 2936 plures
1932 2851 2105 2916 enim

190 2939 398 3002 multo
444 2943 616 3023 sunt,
660 2940 771 3023 qui
814 2943 1069 3025 rogant,
1112 2943 1188 3005 ut
1222 2940 1320 3004 uti
1353 2940 1546 3005 liceat
1590 2960 1788 3023 opera
1823 2941 2105 3023 alterius,

193 3047 390 3110 quam
437 3028 550 3111 qui
594 3030 883 3092 utuntur.
956 3027 1167 3104 Quare
1215 3028 1416 3093 satius
1463 3031 1562 3093 est
1605 3049 1683 3092 ex
1726 3029 1807 3093 iis
1854 3029 2103 3113 aliquos

193 3114 539 3198 aliquando
586 3116 657 3179 in
700 3115 844 3181 foro
887 3115 1010 3181 tibi
1053 3117 1244 3180 irasci
1290 3138 1483 3201 quam
1524 3137 1747 3182 omnes
1793 3117 2102 3182 continuo

192 3201 399 3284 domi,
468 3204 846 3288 praesertim
917 3226 1116 3288 quum
1187 3206 1391 3271 multo
1464 3206 1672 3290 magis
1743 3205 2105 3270 irascantur

191 3289 234 3369 †
262 3289 383 3375 his,
421 3291 533 3375 qui
567 3296 827 3379 negent,
873 3313 1066 3376 quam
1102 3292 1192 3377 hi,
1228 3294 1339 3378 qui
1374 3293 1637 3359 videant
1673 3314 1749 3358 ea
1794 3313 1874 3356 ex
1910 3313 2104 3359 causa

337 3487 420 3553 12,
446 3487 534 3540 48.
606 3487 644 3551 -1-
678 3483 782 3552 his,
816 3486 916 3573 qut·
947 3488 1159 3556 neqent,
1194 3501 1358 3556 quam
1392 3485 1479 3553 hi,
1512 3485 1614 3555 qui
1645 3500 1694 3539 v.
1732 3499 1798 3540 ea
1831 3499 1899 3539 ex
1934 3498 2103 3538 causa

2124 344 2180 388 46

2130 1644 2176 1687 ss

2130 2702 2186 2744 48

1566 3573 1678 3625 42*
2085 3570 2165 3610 *fl

2043 3638 2060 3661 ,a

2260 3584 2296 3610 .-
