2338 3691
727 151 1249 209 EPISTOLARUM
1284 149 1409 207 XV.
1450 160 1497 208 1.
1534 161 1582 210 2.
1981 157 2108 221 501

191 297 615 382 afferrentur,
667 298 790 363 iter
833 298 994 363 mihi
1036 298 1404 364 faciendum
1450 321 1567 384 per
1610 299 2002 384 Lycaoniam
2046 305 2114 368 et

187 408 306 471 per
370 385 638 454 Isauros
703 390 771 452 et
829 407 945 472 per
999 384 1474 472 Cappadociam
1538 389 1886 453 arbitratus
1942 412 2110 475 sum3

187 478 332 539 erat
394 476 574 540 enim
636 493 876 561 magna
939 477 1247 561 suspicio,
1308 475 1614 561 Parthos,
1676 477 1733 541 si
1795 499 1872 542 ex
1927 476 2112 562 Syria

186 562 411 648 egredi
457 568 656 648 atque
702 565 1053 649 irrumpere
1097 565 1171 629 in
1214 586 1426 630 meam
1476 565 1875 660 provinciam
1921 587 2110 631 cona—

181 655 430 736 rentur,
476 654 609 718 iter
653 673 763 718 eos
808 674 923 737 per
960 650 1452 738 Cappadociam,
1497 653 1669 738 quod
1714 676 1791 719 ea
1834 656 2110 719 maxime

179 743 465 824 pateret,
541 762 680 806 esse
741 741 1046 807 facturos,
1152 741 1380 826 Itaque
1444 764 1591 807 cum
1654 744 1933 807 exercitu
1995 761 2111 828 per
2146 755 2179 804 2

180 790 646 914 Cappadboiae
709 833 959 915 partem
1022 851 1192 913 eam,
1254 852 1417 914 quae
1482 852 1628 895 cum
1683 828 1907 896 Cilicia
1961 853 2109 897 con-

183 917 404 982 tinens
460 921 596 1003 est,
658 918 782 983 iter
844 918 968 983 feci
1021 922 1356 1002 castraque
1415 919 1497 983 ad
1552 916 1874 1003 Cybistra,
1940 920 2112 1004 quod

193 1006 512 1090 oppidum
559 1011 659 1071 est
703 1006 784 1071 ad
829 1010 1115 1072 montem
1161 1007 1472 1091 Taurum,
1515 1008 1751 1093 locavi,
1802 1013 1878 1072 ut
1921 1008 2109 1072 Arta·

193 1095 442 1180 vasdes,
489 1113 604 1159 rex
649 1094 1013 1179 ArmeniuS,
1057 1115 1459 1180 quocumque
1497 1096 1714 1161 animo
1760 1099 1948 1180 esset,
1993 1098 2110 1161 sci-

191 1186 295 1245 ret
337 1204 478 1249 non
525 1185 750 1268 procul
795 1205 834 1247 a
880 1184 1012 1248 suis
1055 1184 1295 1248 finibus
1341 1185 1689 1249 exercitum
1723 1185 1947 1269 populi
1983 1184 2112 1250 Ro-

190 1272 369 1335 mani
415 1293 583 1356 esse,
628 1275 694 1337 et
727 1271 1124 1356 Deiotarum,
1167 1272 1611 1337 fidelissimum
1652 1287 1872 1357 regem
1919 1275 2112 1357 atque

187 1359 661 1425 amicissimum
705 1361 799 1426 rei
844 1360 1136 1444 publicae
1182 1364 1469 1445 nostrae,
1521 1361 1795 1425 maxime
1850 1361 2112 1425 coniun-

191 1450 367 1513 ctum
407 1448 747 1531 haberem,
791 1447 969 1514 cuius
1016 1453 1082 1513 et
1125 1449 1394 1514 consilio
1440 1451 1507 1513 et
1547 1448 1778 1533 opibus
1813 1435 2112 1513 adiuvari

194 1540 425 1619 posset·
469 1558 572 1601 res
616 1537 893 1621 publica.
981 1536 1122 1613 Quo
1179 1557 1377 1621 quum
1430 1538 1499 1601 in
1544 1537 1688 1601 loco
1745 1540 1957 1602 castra
1999 1538 2111 1601 ha·
2149 1548 2182 1597 3

197 1624 421 1691 berem
483 1626 965 1709 equitatumque
1023 1626 1094 1689 in
1149 1622 1437 1690 Ciliciam
1500 1625 1843 1709 misissem,
1912 1628 1987 1689 ut
2050 1630 2115 1690 et

199 1733 378 1779 meus
436 1714 760 1778 adventus
823 1714 904 1779 iis
967 1713 1360 1797 civitatibuS,
1431 1733 1595 1797 quae
1657 1714 1728 1777 in
1792 1734 1869 1778 ea
1928 1717 2114 1798 parte

203 1806 448 1886 essent,
493 1802 831 1867 nuntiatus
875 1801 1191 1867 firmiores
1236 1803 1487 1867 animos
1539 1802 1831 1867 omnium
1874 1802 2115 1868 faceret

174 1893 269 1954 et
309 1910 439 1977 ego
492 1894 770 1974 mature,
825 1889 978 1974 quid
1032 1893 1334 1976 ageretur
1385 1891 1455 1954 in
1502 1891 1708 1975 Syria,
1763 1891 1922 1955 scire
1966 1912 2114 1976 pos-

204 1999 355 2064 sem,
399 1982 658 2063 tempus
696 1980 841 2043 eius
882 1979 1107 2062 tridui,
1161 1978 1335 2063 quod
1385 1979 1456 2043 in
1499 1978 1579 2043 iis
1631 1979 1860 2044 castris
1904 2000 2113 2044 mora·

198 2065 336 2151 bar,
382 2067 455 2132 in
497 2087 737 2152 magno
784 2067 998 2132 officio
1037 2071 1102 2130 et
1136 2067 1496 2132 necessario
1543 2067 1702 2132 mihi
1739 2068 2112 2152 ponendum

202 2156 448 2237 putavi.
516 2153 731 2230 Quum
770 2155 942 2219 enim
988 2158 1203 2220 vestra
1237 2156 1586 2221 auctoritas
1629 2156 2113 2240 intercessisset,
2150 2168 2184 2217 4

205 2245 281 2305 ut
324 2263 449 2327 ego
501 2263 721 2327 regem
762 2241 1268 2308 Ariobarzanem
1321 2240 1643 2308 Eusebem
1706 2246 1774 2307 et
1822 2243 2113 2308 Philoro-
2200 2259 2207 2265 ·

207 2351 463 2399 maeum
506 2334 720 2395 tuerer
764 2332 1026 2415 eiusque
1059 2332 1233 2417 regis
1270 2332 1543 2396 salutem
1578 2331 2113 2396 incolumitatem-

207 2439 330 2502 que
372 2418 560 2504 regni
607 2418 1037 2504 defenderem,
1095 2419 1235 2505 regi
1278 2441 1607 2522 regnoque
1652 2419 1972 2503 praesidio
2018 2442 2114 2485 es·

206 2520 368 2591 sem,
438 2507 1013 2592 adiunxissetisque
1088 2509 1362 2572 salutem
1424 2508 1560 2572 eius
1623 2509 1795 2593 regis
1860 2509 2113 2574 senatui

203 2596 570 2680 populoque
610 2595 898 2661 Romano
957 2616 1233 2681 magnae
1279 2617 1467 2661 curae
1513 2616 1669 2679 esse,
1716 2597 1886 2680 quod
1931 2597 2111 2662 nullo

204 2704 511 2768 umquam
567 2684 646 2747 de
698 2704 852 2768 rege
907 2683 1232 2749 decretum
1292 2687 1463 2749 esset
1516 2706 1555 2748 a
1598 2688 1823 2750 nostro
1871 2685 2113 2768 ordine,

205 2770 565 2837 existimavi
618 2788 722 2836 me
775 2771 1080 2837 iudicium
1133 2775 1418 2837 vestrum
1466 2772 1549 2836 acl
1600 2792 1819 2858 regem
1866 2771 2112 2836 deferre

205 2858 433 2924 debere
478 2861 663 2943 eique
709 2861 1100 2944 praesidium
1143 2882 1359 2925 meum
1406 2864 1472 2925 et
1497 2861 1688 2925 fidem
1734 2863 1800 2924 et
1844 2859 2111 2945 diligen-

203 2947 362 3011 tiam
406 2948 714 3032 polliceri,
758 2952 849 3031 ut,
895 2949 1199 3032 quoniam
1238 2949 1409 3013 salus
1446 2949 1669 3033 ipsius,
1702 2948 2112 3013 incolumitas

343 3138 446 3209 Ep.
484 3147 535 3207 2,
565 3145 616 3192 2.
690 3139 1025 3194 Artavasdes
1075 3140 1227 3207 (W..)
1309 3140 1613 3195 Artuasdes
1657 3140 1748 3206 Μ.,
1784 3140 1973 3209 vulgo.
2057 3146 2110 3194 4

206 3181 646 3265 Phssoromaeum
682 3210 890 3279 (Mam.)
966 3210 1443 3266 Philorhomaeum
1487 3211 1578 3278 M,
1614 3209 1803 3281 ’vulga
1851 3241 1919 3250 -
1965 3211 2111 3264 salu-

201 3283 306 3333 tem
329 3279 856 3351 mcolumitatemque
879 3283 1038 3350 regni
1066 3279 1204 3349 (W.;
1235 3297 1278 3335 s.
1308 3287 1359 3335 et
1384 3252 1808 3336 incolu’mitatem
1833 3282 1990 3348 requi
2009 3279 2109 3346 L..)

245 3350 723 3415 ,incolmnitatem
757 3368 1084 3422 reqnwmqwe
1118 3351 1211 3418 Μ.
1239 3351 1337 3406 vul
1378 3367 1427 3404 0.
1461 3380 1527 3390 —
1565 3351 1784 3404 senatui
1801 3351 2112 3417 populoque

199 3365 451 3475 R’omano
497 3422 647 3489 (W..)
729 3423 940 3491 populo
983 3423 1329 3490 senatuique
1410 3463 1440 3487 .,
1477 3420 1665 3490 vulgo.
1724 3448 1790 3457 —-
1846 3421 2109 3472 decretum

197 3496 331 3546 esset
367 3491 479 3561 (Μ,
515 3493 723 3563 vulgo).
798 3494 850 3547 d.
889 3498 967 3547 est
998 3491 1065 3546 Β.
