2338 3691
686 139 1206 198 EPISTOLARUM
1240 140 1335 230 VI.
1375 149 1420 196 1.
1460 147 1490 195 2
1938 141 2063 203 161

189 273 431 348 fortasse
494 285 780 370 fuerunt,
853 308 1048 370 quam
1117 306 1380 351 necesse
1452 286 1610 368 fuit3
1691 286 1830 371 illa,
1902 307 2068 370 quae

187 372 402 438 maiora
445 378 612 459 sunt,
654 375 912 440 brevius
949 395 1298 459 exponam:
1344 395 1464 460 ego
1501 374 1731 459 habeo,
1776 375 1880 440 eui
1918 376 2067 460 plus

174 481 355 543 &quam
394 462 512 527 tibi
556 463 841 548 debeam,
884 464 1212 529 neminem
1257 500 1341 511 —-
1390 464 1624 548 quibus
1658 467 1918 528 tantum
1962 464 2067 529 de-

184 548 404 636 bebam,
447 557 761 636 quantum
804 556 879 618 tu
921 553 1261 639 intelligis,
1316 574 1427 619 eos
1472 552 1665 618 huius
1709 553 1872 617 mihi
1914 553 2070 622 belli

185 659 345 705 casus
378 642 613 726 eripuit
642 665 754 725 ——·;
798 642 910 725 qui
947 643 1070 707 sim
1105 645 1325 707 autem
1359 641 1485 707 hoe
1529 645 1837 727 tempore,
1881 642 2069 707 intel-

182 726 314 814 ligo,
354 730 480 814 sed,
527 731 678 815 quia
712 752 902 795 nemo
940 734 1042 796 est
1074 734 1212 796 tam
1250 730 1547 815 afflietuS,
1593 731 1769 816 quin,
1814 732 1870 796 si
1904 731 2070 796 nihil

183 816 334 883 aliud
376 819 633 885 studeat
676 820 802 886 nisi
846 820 941 904 id,
996 820 1168 905 quod
1216 820 1373 906 agit,
1416 820 1626 905 possit
1669 842 1908 885 navare
1956 821 2069 885 ali-

182 906 313 989 quid
364 911 429 974 et
489 909 771 995 efficere,
834 931 1024 975 omne
1088 931 1304 974 meum
1359 909 1727 994 eonsilium,
1792 931 2071 995 operam,

183 996 462 1152 studiuinz)
485 1002 656 1064 certe
666 1050 685 1084 ,
736 998 932 1063 velim
984 999 1311 1064 existimes
1364 998 1489 1064 tibi
1540 999 1796 1083 tuisque
1849 999 2072 1065 liberis

181 1104 300 1150 esse
383 1108 416 1151 e
461 1087 644 1153 itum.
1769 1123 1772 1126 ·

1065 1282 1151 1348 H.

279 1392 388 1450 Ser.
425 1395 667 1450 Asturae
702 1411 893 1450 mense
930 1394 1089 1449 Iunio
1129 1396 1230 1449 aut
1265 1393 1535 1460 Quinetili
1572 1411 1620 1448 a.
1659 1413 1712 1449 u.
1751 1412 1797 1449 e.
1839 1401 1956 1450 709.

546 1520 621 1574 M.
661 1519 919 1575 CICERO
959 1519 1012 1575 S.
1050 1519 1116 1574 D.
1154 1520 1220 1574 A.
1261 1518 1704 1588 TORQUATO„

293 1618 447 1684 Peto
496 1642 539 1684 a
581 1623 674 1706 te,
717 1641 800 1684 ne
844 1642 947 1685 me
992 1622 1183 1705 putes
1229 1620 1551 1685 oblivione
1596 1620 1694 1685 tui
1738 1618 1946 1684 rarius
1992 1619 2074 1683 ad
2114 1639 2143 1687 1

181 1708 235 1769 te
275 1708 577 1793 seribere,
622 1730 818 1793 quam
864 1710 1177 1794 solebam,
1224 1708 1337 1773 sed
1383 1712 1497 1774 aut
1542 1709 1860 1794 gravitate
1904 1709 2074 1773 vale·

183 1795 428 1883 tudinis,
475 1819 607 1884 qua
650 1800 872 1863 tamen
914 1799 1046 1864 iam
1090 1798 1396 1883 paullum*
1427 1795 1648 1864 videor
1690 1797 1918 1883 levari,
1964 1801 2077 1863 aut

185 1887 331 1967 quod
376 1888 589 1953 absim
643 1888 727 1952 ab
780 1888 966 1972 urbe,
1010 1890 1112 1972 ut,
1165 1887 1278 1972 qui
1331 1887 1413 1951 ad
1459 1891 1523 1952 te
1568 1888 2077 1972 proficiscantur,

183 1975 321 2040 seire
364 1998 506 2042 non
549 1976 820 2060 possim3
864 1998 1062 2060 quare
1099 1977 1294 2040 velim
1328 1976 1422 2040 ita
1459 1979 1777 2041 statutum
1815 1976 2076 2059 habeas,

180 2082 267 2127 me
307 2066 402 2130 tui
446 2065 830 2130 memoriam
875 2086 1020 2130 eum
1064 2087 1318 2130 summa
1360 2065 1813 2130 benevolentia
1855 2069 2076 2129 tenere

180 2154 430 2239 tuasque
492 2175 717 2219 omnes
767 2175 872 2219 res
924 2175 1061 2219 non
1113 2154 1352 2219 minori
1405 2154 1568 2218 mihi
1630 2175 1819 2219 curae
1882 2175 2079 2237 quam

179 2260 336 2308 meas
391 2264 551 2308 esse.
640 2242 828 2319 Quod
880 2243 1124 2308 maiore
1178 2243 1251 2306 in
1303 2242 1616 2308 varietate
1670 2245 1925 2308 versata
1979 2244 2079 2306 est
2114 2254 2146 2302 2

181 2330 371 2397 adhue
413 2336 535 2397 tua
578 2353 800 2416 eausa,
854 2354 1049 2416 quam
1102 2331 1402 2398 homines
1455 2335 1572 2397 aut
1613 2331 1921 2397 volebant
1964 2333 2080 2396 aut

183 2419 619 2505 opinabantur,
664 2421 824 2486 mihi
869 2420 1072 2506 erede,
1112 2442 1256 2486 non
1299 2424 1400 2486 est
1441 2442 1561 2506 pro
1606 2420 1792 2485 malis
1832 2423 2078 2504 tempo·

181 2528 332 2593 rum,
377 2510 553 2595 quod
580 2510 864 2575 'moleste
907 2510 1111 2594 feras3
1154 2530 1419 2576 necesse
1460 2512 1561 2574 est
1604 2509 1777 2574 enim
1821 2511 1940 2573 aut
1980 2529 2078 2573 ar·

183 2596 288 2661 mis
330 2599 550 2684 urgeri
594 2620 732 2663 rem
774 2599 1104 2683 publicam
1139 2599 1547 2683 sempiternis
1585 2602 1701 2662 aut
1733 2598 1816 2662 iis
1848 2596 2080 2682 positis

183 2689 441 2752 recreari
503 2687 849 2772 aliquando
905 2690 1020 2752 aut
1079 2688 1375 2753 funditus
1438 2688 1726 2752 interire:
1791 2687 1846 2750 si
1901 2706 2082 2749 arma

185 2775 492 2861 valebunt,
535 2797 656 2840 nee
701 2798 839 2861 θος,
886 2799 926 2841 a
971 2777 1203 2861 quibus
1247 2776 1577 2861 reciperis,
1635 2774 1841 2841 vereri
1887 2773 2080 2837 debes

185 2881 289 2928 nee
333 2886 462 2949 eOS,
506 2887 670 2949 quos
706 2866 1035 2949 adiuvisti3
1081 2866 1135 2930 si
1172 2865 1368 2930 armis
1405 2868 1519 2930 aut
1556 2863 1930 2931 condicione
1967 2882 2082 2947 po-

188 2950 312 3015 sitis
357 2957 470 3019 aut
506 2954 967 3040 defetigatione
1005 2954 1271 3020 abiectis
1319 2956 1434 3019 aut
1467 2953 1740 3019 victoria
1776 2949 2081 3016 detractis

188 3038 395 3107 civitas
456 3043 892 3128 respiraverit,
956 3046 1022 3108 et
1083 3043 1402 3129 dignitate
1464 3044 1580 3107 tua
1640 3040 1772 3105 frui
1833 3039 1955 3104 tibi
2017 3041 2084 3104 et

188 3125 448 3197 fortunis
483 3132 729 3216 licebit3
771 3133 873 3197 sin
909 3132 1174 3197 omnino
1210 3130 1578 3197 interierint
1614 3129 1834 3195 omnia
1857 3129 2082 3193 fuerit·

314 3286 415 3358 Ep.
454 3297 502 3357 1,
535 3295 581 3344 7.
655 3290 918 3344 neminem
955 3318 1022 3328 —
1060 3289 1260 3358 quibus
1298 3328 1310 3340 .
1334 3328 1381 3340 ..
1420 3285 1627 3354 eripuit
1664 3304 1762 3350 —;
1796 3284 1894 3352 qui
1931 3283 2080 3349 (W.).

190 3370 267 3420 ‘'l-‚⁸
301 3374 346 3426 q.
386 3401 430 3413 ..
468 3360 689 3430 eripuit.
765 3359 878 3430 Qui
911 3358 1099 3429 vulgo.
1188 3358 1292 3426 Ep.
1330 3362 1382 3423 2,
1411 3361 1460 3408 2.
1533 3355 1607 3408 iis
1632 3354 1835 3421 positis
1873 3352 2083 3418 (Mart.-

192 3422 283 3495 L-)·
359 3430 439 3485 his
464 3448 526 3500 p.
563 3430 694 3486 ΜΒ.
740 3460 813 3471 -
855 3431 1107 3486 interire:
1149 3430 1202 3481 si
1239 3427 1389 3494 (W.).
1470 3425 1709 3478 interire.
1784 3421 1850 3475 Si
1893 3419 2081 3484 vulgo.

193 3523 256 3536 -’
287 3501 532 3570 reciperis
569 3502 832 3572 (leguas).
905 3500 1167 3569 receperis
1201 3497 1276 3551 M.
1349 3495 1631 3562 recipieris
1664 3491 1911 3558 Kayser„
1949 3486 2011 3537 B.

289 3585 507 3633 cheroni-
534 3591 660 3640 epist.
689 3592 729 3632 Ι.
1596 3583 1659 3628 11
