2338 3691
151 1807 205 1847 44

149 2581 214 2629 16

151 2647 206 2690 45

233 143 368 207 574
800 142 874 196 M.
914 141 1162 198 TULLII
1199 139 1583 196 CICERONIS

230 288 693 373 provincialem
739 286 940 369 dedit,
996 286 1051 350 si
1096 307 1240 351 mea
1285 307 1436 370 pars
1480 287 1730 351 nemini
1784 286 1983 370 cedit,
2039 286 2175 371 fac,

232 379 308 441 ut
348 380 464 440 tua
510 379 756 440 ceteros
800 378 1035 439 vincat.
1135 372 1340 439 Simul
1396 377 1463 439 et
1514 375 1678 440 illud
1733 375 1981 460 cogita,
2038 396 2172 439 nos

231 486 367 529 non
413 464 492 528 de
536 464 784 547 reliqua
828 467 895 527 et
939 465 1198 546 sperata
1239 464 1448 548 gloria
1488 463 1622 528 iam
1667 464 1994 545 laborare,
2045 464 2166 527 sed

234 553 310 616 de
355 555 544 635 parta
586 552 907 636 dimicare,
952 573 1117 635 quae
1153 552 1411 635 quidem
1445 573 1582 616 non
1618 554 1756 616 tam
1792 552 2166 635 expetenda

230 640 420 704 nobis
482 640 636 725 fuit,
700 661 894 724 quam
945 639 1189 704 tuenda
1244 643 1359 705 est.
1448 638 1575 724 Ac,
1637 640 1695 705 si
1747 640 1909 718 mihi
1947 640 2161 723 quid-

232 750 426 813 quam
472 732 643 793 esset
687 729 803 793 abs
848 732 913 792 te
951 732 1338 830 separatum,
1382 728 1547 792 nihil
1584 729 1860 813 amplius
1905 729 2160 793 deside-

231 838 442 882 rarem
493 817 618 882 hoc
674 820 876 900 statu,
940 817 1050 901 qui
1103 817 1265 881 mihi
1317 817 1449 882 iam
1501 820 1728 901 partus
1783 820 1908 881 est.
1974 838 2159 881 nunc

232 926 382 971 vero
439 906 531 970 sic
584 927 688 971 res
743 927 880 971 sese
925 905 1151 990 habet,
1206 908 1306 989 ut,
1358 905 1487 970 nisi
1542 906 1761 970 omnia
1811 909 1929 969 tua
1971 905 2164 969 facta

233 997 426 1079 atque
482 994 655 1059 dicta
705 994 946 1059 nostris
998 995 1193 1059 rebus
1243 994 1439 1058 istinc
1492 994 1954 1078 respondeant,
2028 1015 2156 1079 ego

231 1104 335 1147 me
387 1084 591 1148 tantis
645 1084 805 1148 meis
856 1083 1188 1148 laboribus
1240 1084 1570 1167 tantisque
1612 1082 1937 1167 periculis,
1992 1104 2156 1165 quo·

230 1193 375 1236 rum
419 1176 493 1237 tu
539 1173 828 1237 omnium
872 1172 1195 1256 particeps
1247 1171 1458 1256 fuisti,
1510 1170 1675 1236 nihil
1731 1174 2159 1237 consecutum

226 1266 452 1342 putem.
534 1260 718 1337 Quod
766 1260 839 1344 si,
883 1264 957 1324 ut
1002 1260 1469 1344 amplissimum
1514 1281 1754 1325 nomen
1798 1280 2156 1343 conseque-

232 1371 474 1433 remur,
534 1371 703 1414 unus
755 1352 1011 1434 praeter
1065 1352 1311 1413 ceteros
1357 1349 1687 1432 adiuvisti,
1742 1352 1912 1413 certe
1957 1348 2157 1432 idem,

233 1442 308 1502 ut
350 1437 417 1502 id
462 1439 880 1522 retineamus,
932 1439 1190 1522 praeter
1234 1441 1477 1502 ceteros
1523 1437 1900 1502 elaborabis.
1992 1435 2158 1502 Non

235 1530 334 1590 est
375 1527 496 1591 tibi
539 1527 643 1591 his
689 1527 842 1591 solis
887 1525 1199 1591 utendum
1236 1526 1816 1592 existimationibus
1863 1546 1939 1589 ac
1983 1526 2150 1590 iudi·

235 1615 376 1696 ciis,
432 1616 540 1699 qui
593 1636 770 1679 nunc
824 1618 1003 1697 sunt,
1054 1614 1418 1698 hominum,
1471 1614 1582 1678 sed
1627 1615 1707 1679 iis
1755 1615 1976 1696 etiam,
2037 1615 2150 1697 qui

233 1703 437 1767 futuri
474 1707 651 1786 sunt3
696 1724 1084 1788 quamquam
1121 1703 1383 1768 illorum
1418 1704 1540 1767 erit
1572 1704 1786 1768 verius
1820 1702 2148 1785 iudicium,

237 1791 703 1858 obtrectatione
758 1795 824 1857 et
883 1792 1340 1857 malevolentia
1391 1792 1751 1857 liberatum.
1849 1790 2147 1875 Denique

236 1881 430 1944 etiam
474 1881 635 1945 illud
682 1881 874 1945 debes
911 1881 1216 1966 cogitare,
1259 1903 1395 1946 non
1439 1884 1505 1945 te
1548 1882 1671 1945 tibi
1710 1881 1831 1946 soli
1871 1880 2147 1966 gloriam

235 1989 564 2053 quaerere3
610 1969 780 2052 quod
818 1970 873 2033 si
910 1973 1097 2052 esset,
1130 1972 1350 2034 tamen
1375 1991 1514 2034 non
1547 1970 1929 2055 negligereS,
1964 1990 2145 2053 prae·

235 2057 457 2121 sertim
520 2079 719 2141 quum
781 2057 1192 2158 amplissimis
1264 2058 1699 2123 monumentis
1772 2078 2145 2123 consecrare

234 2145 546 2211 voluisses
608 2146 984 2211 memoriam
1046 2146 1330 2211 nominis
1383 2148 1507 2229 tui;
1571 2146 1682 2211 sed
1738 2168 1815 2211 ea
1872 2149 1972 2210 est
2023 2146 2146 2210 tibi

235 2233 768 2299 communicanda
811 2255 1080 2317 mecum,
1124 2234 1456 2318 prodenda
1498 2235 1717 2300 liberis
1761 2234 2029 2300 nostris:
2074 2235 2144 2297 in

234 2344 362 2407 quo
409 2323 764 2388 cavendum
810 2327 934 2406 est,
985 2344 1101 2405 ne,
1151 2323 1206 2386 si
1249 2323 1683 2409 negligentior
1736 2323 1963 2406 fueris,
2016 2343 2142 2386 non

231 2412 433 2476 solum
474 2412 594 2475 tibi
639 2433 869 2496 parum
913 2411 1336 2496 consuluisse,
1391 2412 1502 2476 sed
1555 2412 1753 2476 etiam
1805 2412 1934 2476 tuis
1980 2412 2141 2475 invi-

233 2498 402 2564 disse
446 2500 738 2564 videaris.

365 2586 579 2673 Atque
623 2588 785 2654 haec
828 2608 964 2653 non
1008 2609 1085 2654 eo
1131 2587 1459 2672 dicuntur,
1516 2591 1591 2653 ut
1632 2592 1698 2653 te
1746 2588 1950 2653 oratio
1998 2608 2141 2651 mea

235 2676 658 2742 dormientem
704 2677 1043 2761 excitasse,
1096 2677 1208 2741 sed
1252 2677 1468 2761 potius
1512 2679 1588 2740 ut
1641 2680 2002 2741 currentem
2044 2676 2138 2740 in-

233 2766 465 2830 citasse
510 2766 827 2850 videatur3
870 2765 1068 2829 facies
1115 2765 1287 2829 enim
1332 2768 1662 2849 perpetuo,
1708 2786 1869 2849 quae
1912 2765 2141 2850 fecisti,

232 2857 308 2919 ut
353 2875 577 2919 omnes
622 2855 1012 2938 aequitatem
1048 2857 1248 2937 tuam,
1286 2853 1799 2938 temperantiam,
1843 2854 2139 2918 severita-

231 2946 366 3007 tem
418 2943 985 3028 integritatemque
1037 2942 1394 3006 laudarent.
1491 2940 1618 3007 Sed
1671 2962 1774 3006 me
1828 2941 2138 3026 quaedam

231 3033 412 3095 tenet
472 3035 741 3115 propter
814 3030 1208 3115 singularem
1272 3052 1555 3095 amorem
1626 3029 1884 3094 infinita
1944 3031 2013 3094 in
2073 3034 2138 3095 te

232 3119 506 3183 aviditas
562 3120 833 3204 gloriae3
896 3140 1285 3203 quamquam
1337 3118 1497 3193 illud
1557 3118 1851 3183 existimo
1861 3168 1879 3202 ,
1943 3141 2137 3202 quum

373 3271 476 3354 Ep.
517 3281 567 3342 1,
594 3280 678 3329 43.
754 3274 936 3330 Simul
970 3279 1021 3328 et
1054 3276 1200 3330 illud
1254 3275 1367 3342 (M.,
1403 3274 1613 3344 vulgo).
1706 3273 1763 3329 S.
1802 3275 1965 3328 etiam
1999 3275 2037 3330 i.
2074 3268 2133 3328 B.

231 3344 317 3393 44.
374 3343 536 3396 etiam
570 3345 715 3400 illud
777 3346 896 3413 Ml,
933 3345 1143 3415 vulgo).
1250 3347 1288 3399 i.
1327 3363 1367 3400 e.
1418 3346 1537 3411 (M2
1573 3345 1709 3414 (alia
1744 3349 1979 3413 manus),
2016 3345 2061 3397 B
2067 3345 2134 3411 )”ι’

232 3438 298 3448 -
337 3411 401 3462 in
470 3429 541 3466 uo
577 3430 691 3468 cav.
799 3414 1090 3498 acciolat..)
1172 3418 1237 3470 in
1272 3433 1382 3485 qua
1417 3432 1460 3470 c.
1498 3416 1589 3485 M„
1627 3415 1689 3469 B.
1727 3445 1794 3454 —
1833 3431 1948 3470 mm
1982 3415 2134 3470 modo

231 3477 393 3545 tibi(
470 3483 537 3548 .)·?
609 3485 712 3538 tibi
747 3486 839 3554 M„
876 3486 1064 3540 ceteri.
1103 3486 1228 3542 edd.
