2338 3691
235 180 366 244 452
800 178 877 233 M.
915 176 1162 232 TULLII
1199 176 1581 232 CICERONIS

237 324 420 390 didos
483 324 808 405 homines,
869 322 980 406 qui
1033 318 1328 387 Caesaris
1389 320 1703 386 beneficia
1765 320 2154 404 vendebant,

240 413 552 494 tabulam,
605 412 676 475 in
722 433 850 496 qua
893 412 1161 476 nomina
1208 410 1466 475 civitate
1513 410 1900 474 donatorum
1946 409 2154 474 ineisa

237 503 471 583 essent,
495 499 718 565 revelli
743 499 1054 582 iussisset,
1081 499 1288 564 eidem
1315 498 1690 563 Dolabellae
1718 520 1821 563 me
1850 498 2152 562 audiente

237 586 475 654 Caesar
527 588 692 654 dixit
743 587 908 653 nihil
972 609 1137 671 esse,
1203 587 1374 671 quod
1439 588 1515 651 de
1560 585 1757 672 Mega
1806 589 2153 670 vereretur,

235 677 617 743 beneficium
663 699 851 743 suum
894 677 966 741 in
1011 698 1086 741 eo
1125 698 1402 740 manere.
1477 674 1623 741 Hoc
1655 679 1721 740 te
1761 676 1922 740 seire
1958 676 2153 758 volui,

237 768 312 829 ut
374 787 519 829 eum
591 766 661 830 in
724 766 959 830 civium
1020 764 1463 830 Romanorum
1530 785 1798 829 numero
1860 763 2153 847 habereS,

239 854 591 937 ceterisque
653 854 724 918 in
786 853 977 918 rebus
1040 853 1161 917 tibi
1234 875 1380 917 eum
1452 853 1545 916 ita
1609 853 2016 936 commendo,
2079 856 2153 918 ut

237 942 483 1006 maiore
507 942 718 1006 studio
747 943 1072 1007 neminem
1110 941 1628 1006 commendarim.
1701 939 2151 1005 Gratissimum

237 1030 398 1094 mihi
432 1031 677 1114 feeeriS,
715 1031 770 1094 si
807 1052 953 1096 eum
990 1031 1082 1094 ita
1113 1031 1431 1114 tractaris,
1466 1034 1541 1093 ut
1575 1030 1901 1112 intelligat
1940 1052 2154 1095 meam

237 1119 860 1185 commendationem
904 1139 1143 1204 magno
1191 1119 1311 1184 sibi
1355 1122 1734 1183 ornamento
1780 1119 2000 1183 fuisse.

1023 1313 1362 1380 XXXVIL

803 1426 917 1482 Sor.
955 1426 1165 1480 Romae
1205 1442 1253 1480 a.
1293 1445 1346 1480 u.
1384 1441 1430 1480 e.
1471 1431 1589 1480 708.

501 1549 796 1605 CICERO
832 1548 1119 1604 Ammo
1160 1548 1679 1605 PROCONSULI
1711 1518 1878 1604 s'AL.

371 1649 698 1734 Hippiam,
736 1648 1076 1717 Philoxeni
1110 1650 1334 1734 filium,
1370 1648 1790 1734 Calacffinum,
1825 1651 2154 1734 hospitem

241 1742 308 1805 et
351 1740 782 1804 necessarium
826 1761 1067 1823 meum,
1125 1739 1248 1803 tibi
1302 1740 1678 1803 commendo
1725 1740 1796 1803 in
1842 1740 2153 1804 maiorem

240 1826 528 1892 modum:
593 1827 730 1893 eius
782 1827 984 1912 bona,
1047 1827 1583 1913 quemadmodum
1644 1828 1726 1893 ad
1779 1850 1881 1893 me
1937 1828 2154 1893 delata

239 1937 342 1980 res
391 1919 515 1999 est,
567 1917 820 2000 publice
874 1916 1287 2001 possidentur
1340 1918 1550 1982 alieno
1605 1917 1867 1983 nomine
1924 1921 2153 1982 eontra

239 2005 417 2089 leges
463 2002 964 2070 Calactinorum:
1019 2006 1085 2070 id
1132 2006 1187 2070 si
1240 2006 1334 2071 ita
1388 2010 1510 2090 est,
1564 2007 1762 2070 etiam
1815 2007 1953 2070 sine
2007 2028 2153 2070 mea

242 2093 795 2159 commendatione
842 2094 923 2159 ab
970 2095 1293 2179 aequitate
1336 2099 1451 2158 tua
1486 2116 1592 2159 res
1624 2095 1767 2179 ipsa
1805 2095 2151 2179 impetrare

242 2180 449 2265 debet,
492 2185 566 2246 ut
611 2182 670 2246 ei
716 2182 1084 2266 subveniam
1130 2204 1387 2267 quoquo
1434 2184 1624 2248 modo
1672 2186 1889 2248 autem
1934 2205 2004 2248 se
2048 2205 2153 2247 res

240 2269 454 2353 habet,
498 2274 649 2354 peto
697 2293 735 2335 a
780 2275 871 2355 te,
931 2275 1005 2336 ut
1048 2271 1314 2336 honoris
1360 2272 1488 2336 mei
1533 2291 1726 2337 causa
1771 2294 1918 2337 eum
1964 2293 2152 2356 expe-

242 2358 381 2422 dias
433 2362 815 2442 tantumque
881 2359 939 2423 ei
994 2360 1357 2425 commodes
1421 2362 1487 2424 et
1538 2361 1608 2424 in
1661 2360 1785 2425 hac
1837 2383 1906 2425 re
1963 2365 2029 2425 et
2080 2362 2155 2425 in

241 2447 468 2511 ceteris
478 2498 494 2530 ‚
541 2451 853 2531 quantum
897 2451 1013 2511 tua
1057 2448 1215 2512 fides
1264 2449 1671 2535 dignitasque
1716 2450 2025 2534 patietur:
2083 2450 2154 2515 id

240 2535 400 2600 mihi
444 2536 855 2601 vehementer
901 2540 1162 2622 gratum
1207 2536 1344 2602 erit.

1007 2730 1379 2796 XXXVIII.

796 2842 908 2898 Sor.
947 2842 1158 2897 Romae
1197 2861 1245 2897 a.
1284 2862 1336 2897 u.
1376 2860 1421 2898 c.
1461 2850 1579 2899 708.

500 2964 795 3021 CICERO
832 2965 1121 3022 ACILIO
1160 2965 1680 3022 PROCONSULI
1712 2966 1879 3023 SAL.

369 3065 441 3130 L.
486 3063 809 3150 Bruttius,
864 3088 1056 3150 eques
1101 3066 1435 3132 Romanus
1445 3120 1462 3152 ‚
1516 3069 1888 3133 adolescens
1943 3069 2149 3133 omni-

236 3152 359 3216 bus
395 3153 586 3219 rebus
625 3158 909 3241 ornatae,
945 3156 1016 3220 in
1051 3156 1212 3221 meis
1248 3156 1764 3222 familiarissimis
1797 3162 1886 3222 est
1919 3179 2148 3243 meque

380 3376 483 3444 Ep.
522 3384 616 3446 36,
655 3387 703 3435 2.
777 3398 948 3437 meam
993 3398 1036 3438 c.
1082 3384 1192 3439 sibi
1233 3401 1431 3454 mayno
1478 3385 1647 3453 (W.)?
1727 3385 1816 3439 An
1852 3403 1919 3439 m.
1956 3387 2067 3440 sibi
2100 3400 2143 3440 c.

239 3459 307 3496 m.
346 3445 514 3525 {W·)‘?
585 3466 653 3502 m.
693 3468 735 3505 c.
772 3469 841 3506 m.
878 3453 952 3507 M.
1024 3453 1129 3524 Ep.
1167 3460 1251 3509 37.
1329 3454 1765 3511 Calactinormn:
1801 3457 1863 3511 id
1900 3498 1913 3511 .
1936 3496 1949 3511 .
1972 3495 1986 3510 .
2022 3457 2146 3511 sub·

238 3528 457 3579 venum,-
492 3533 538 3584 q.
577 3519 671 3586 (W
674 3520 722 3587 .).
799 3521 858 3577 C.
913 3523 994 3578 Id
1029 3564 1043 3579 .
1065 3564 1078 3578 .
1101 3565 1113 3579 .
1151 3526 1301 3581 subn.
1361 3526 1422 3596 Q.
1461 3527 1648 3598 vulgo,
