2338 3691
739 109 1261 166 EPISTULARUM
1298 111 1365 165 X.
1405 118 1454 165 7.
1492 118 1541 167 8.
1965 111 2095 177 305

172 251 392 336 nobis,
437 254 693 339 magnis
740 276 929 339 saepe
974 256 1276 340 praemiis
1324 256 1706 322 sollicitatus
1716 306 1733 339 ,
1777 260 1852 321 ut
1897 257 1979 322 ab
2025 279 2093 323 re
2135 323 2153 339 ‚

170 341 440 424 publica
483 343 702 427 potius
747 343 1079 408 moderata
1125 367 1318 428 quam
1357 344 1437 408 ab
1474 366 1606 411 uno
1652 345 1910 409 infinita
1955 368 2093 429 spe·

168 433 379 513 raret3
424 432 901 497 confirmandae
949 434 1307 516 complures
1344 434 1655 518 civitateS,
1699 456 1862 518 quae
1910 457 2094 518 supe-

172 518 349 582 riore
423 541 594 584 anno
666 521 1120 607 largitionibus
1194 522 1841 606 concessionibusque
1912 545 2093 607 prae-

173 607 460 672 miorum
513 613 699 674 erant
753 610 1101 696 obligatae,
1154 614 1232 675 ut
1284 614 1350 674 et
1402 612 1516 675 illa
1567 633 1737 676 vana
1790 615 2097 696 putarent

171 700 246 758 *et
300 696 526 762 eadem
581 720 621 762 a
672 699 1042 764 melioribus
1108 699 1478 764 auctoribus
1540 700 1821 785 petenda
1883 701 2095 765 existi-

175 788 461 868 marent3
502 787 875 852 alliciendae
913 789 1108 852 etiam
1133 789 1503 853 voluntates
1539 789 1950 873 reliquorum,
1985 789 2095 874 qui

174 873 473 939 finitimis
527 876 874 959 provinciis
922 877 1427 960 exercitibusque
1472 882 1811 963 praesunt,
1863 881 1939 963 ut
1981 900 2093 962 po·

172 962 310 1026 tius
357 984 503 1028 cum
547 965 839 1048 pluribus
879 967 1254 1031 societatem
1293 966 1731 1031 defendendae
1775 966 2094 1032 libertatis

174 1051 508 1137 iniremuS,
553 1075 747 1137 quam
793 1075 939 1118 cum
975 1055 1385 1138 paucioribus
1421 1055 1748 1120 funestam
1785 1056 1927 1121 orbi
1970 1059 2095 1119 ter·

173 1162 401 1205 ’rarum
453 1142 790 1206 victoriam
843 1144 1246 1228 partiremur.
1342 1142 1679 1207 Muniendi
1740 1166 1892 1208 vero
1948 1165 2093 1209 nos·
2131 1158 2165 1208 4

180 1232 316 1293 met
361 1229 486 1314 ipsi
531 1230 770 1295 fuimus
819 1235 1007 1296 aucto
1046 1233 1327 1296 exercitu
1365 1233 1743 1316 auxiliisque
1788 1232 2096 1316 multipli-

179 1318 372 1402 catiS,
428 1322 526 1403 ut,
591 1342 788 1404 quum
833 1320 1300 1405 praeferremus
1356 1343 1581 1385 sensus
1638 1324 1884 1404 aperte,
1937 1324 2096 1405 tum,

179 1407 380 1470 etiam
426 1407 647 1472 invitis
693 1409 1102 1494 quibusdam,
1149 1410 1314 1494 sciri,
1360 1409 1514 1494 quid
1559 1409 1885 1474 defensuri
1930 1430 2095 1474 esse·

183 1517 345 1579 mus,
390 1518 525 1561 non
571 1501 740 1561 esset
782 1498 1231 1583 periculosum.
1319 1496 1423 1562 Ita
1467 1520 1818 1582 numquam
1866 1497 2095 1562 diffite-

185 1584 302 1649 bor
349 1585 554 1649 multa
606 1607 736 1669 me,
789 1589 863 1650 ut
908 1587 989 1651 ad
1046 1587 1342 1651 effectum
1393 1587 1627 1652 horum
1682 1586 2096 1651 consiliorum

186 1674 611 1759 pervenirem,
675 1678 741 1739 et
804 1675 1138 1741 simulasse
1202 1676 1479 1740 invitum
1534 1679 1599 1740 et
1660 1675 2094 1740 dissimulasse

189 1783 329 1826 cum
360 1763 597 1849 dolore,
633 1763 822 1849 quod,
857 1768 1269 1849 praematura
1305 1765 1707 1829 denuntiatio
1744 1764 1903 1829 boni
1939 1764 2095 1828 civis

187 1852 488 1936 imparati
551 1874 745 1938 quam
807 1854 1166 1937 periculosa
1212 1858 1407 1938 esset,
1468 1876 1546 1918 ex
1599 1876 1751 1919 casu
1809 1853 2095 1939 collegae

188 1940 500 2005 videbam.
574 1940 714 2017 Quo
761 1943 1022 2007 nomine
1069 1943 1263 2007 etiam
1302 1940 1369 2008 G.
1406 1941 1647 2008 Furnio
1684 1944 1921 2028 legato,
1955 1942 2093 2008 viro
2133 1956 2165 2004 5

187 2028 340 2094 forti
389 2034 582 2114 atque
628 2034 889 2095 strenuo
904 2082 918 2109 ,
972 2032 1159 2116 plura
1205 2032 1399 2097 etiam
1451 2032 1647 2097 verbo
1707 2053 1899 2116 quam
1947 2031 2094 2095 scri-

186 2122 380 2200 ptura
423 2120 730 2183 mandata
776 2120 1064 2184 dedimus
1075 2171 1092 2204 ,
1144 2124 1221 2185 ut
1265 2124 1330 2185 et
1372 2121 1605 2186 tectius
1660 2120 1742 2184 ad
1794 2141 1910 2185 vos
1953 2141 2093 2204 per-

184 2206 510 2271 ferrentur
555 2210 622 2272 et
663 2229 784 2273 nos
830 2231 1112 2274 essemus
1157 2209 1456 2293 tutiores,
1502 2209 1858 2293 quibusque
1904 2207 2094 2272 rebus

182 2299 250 2359 et
295 2317 704 2361 communem
759 2298 1032 2362 salutem
1077 2298 1316 2361 muniri
1370 2301 1435 2361 et
1488 2319 1608 2362 nos
1664 2296 1899 2361 armari
1945 2317 2093 2361 con-

186 2385 436 2449 veniret
470 2386 927 2470 praecepimus
999 2384 1101 2451 Ex
1138 2408 1264 2470 quo
1302 2386 1579 2471 intelligi
1614 2389 1831 2469 potest
1876 2407 2095 2450 curam

185 2474 276 2537 rei
330 2474 625 2558 publicae
681 2496 966 2539 summae
1012 2474 1455 2539 defendundae
1500 2475 1878 2558 iampridem
1924 2474 2094 2558 apud

187 2583 305 2627 nos
353 2563 684 2627 excubare.
779 2562 1001 2646 Nunc,
1056 2586 1253 2648 quum
1309 2564 1499 2628 deum
1551 2563 1954 2648 benignitate
2011 2562 2093 2626 ab
2132 2576 2164 2624 6

186 2651 364 2714 omni
409 2673 478 2716 re
526 2673 744 2717 sumus
780 2653 1154 2736 paratioreS,
1201 2674 1335 2717 non
1382 2653 1589 2717 solum
1633 2639 2093 2734 bene’sperare

184 2739 261 2803 de
307 2740 499 2805 nobis
543 2740 864 2825 homines,
919 2742 1028 2805 sed
1075 2742 1401 2825 explorate
1447 2741 1725 2805 iudicare
1773 2741 2092 2804 volumus:

186 2829 474 2915 legiones
517 2829 726 2894 habeo
775 2829 1055 2914 quinque
1103 2830 1221 2894 sub
1270 2830 1473 2915 signis
1530 2832 1596 2893 et
1641 2851 1756 2892 sua
1799 2828 1925 2891 fide
1971 2827 2094 2891 vir·

183 2920 449 3001 tuteque
493 2918 586 2982 rei
630 2918 923 3002 publicae
963 2918 1516 2984 coniunctissimas
1564 2921 1628 2981 et
1672 2918 1896 2981 nostra
1937 2916 2093 2979 libe-

186 3007 440 3070 ralitate
476 3006 666 3072 nobis
705 3006 1148 3091 obsequenteS,
1184 3007 1582 3091 provinciam
1620 3004 1905 3071 omnium
1944 3004 2092 3069 civi·-

183 3095 417 3159 tatium
444 3115 762 3159 consensu
788 3095 1265 3181 paratissimam
1302 3099 1368 3159 et
1404 3116 1651 3159 summa
1680 3094 2092 3159 contentione

325 3250 428 3320 Ep.
468 3257 527 3317 8,
564 3258 614 3305 3.
687 3252 1009 3307 «illiciendae
1063 3251 1270 3320 (Man).
1362 3251 1474 3305 elic.
1521 3249 1651 3304 ΜΒ.
1711 3280 1778 3289 -
1828 3255 2096 3319 praesunt

185 3321 333 3403 (W).
379 3322 768 3446 (praefuerunt
801 3322 894 3391 M„
930 3322 1122 3392 vulgo.
1208 3327 1259 3377 4.
1315 3325 1457 3387 tum,
1493 3322 1657 3375 etiam
1690 3321 1802 3374 inv.
1839 3338 1909 3390 q„
1942 3321 2093 3416 sciri,

181 3393 384 3517 {1332de
418 3396 509 3530 θ),
543 3398 618 3517 Bt.
657 3409 699 3449 e.
737 3411 776 3447 ι.
813 3410 861 3463 q.
898 3409 961 3460 s.,
996 3410 1045 3462 q.
1083 3391 1145 3445 B.
1220 3397 1269 3447 ὅ.
1325 3408 1370 3445 r.
1407 3408 1462 3460 p.
1490 3407 1728 3447 summae
1755 3391 1891 3460 (M.).
1962 3406 2009 3444 r.
2030 3405 2092 3457 p.

294 3550 521 3593 Ciceronis
549 3554 673 3603 epist.
701 3555 737 3595 1.
1598 3554 1665 3600 20
