2338 3691
567 857 703 929 AD
756 854 1218 938 QUINTUM
1278 853 1758 924 FRATREM

865 998 1086 1054 LIBER
1122 996 1452 1053 'rannus

1134 1157 1188 1224 I.

212 1281 327 1340 Ser.
364 1296 555 1339 mense
588 1278 906 1351 Septembri
943 1278 1081 1347 (dat.
1117 1293 1171 1334 a.
1206 1277 1262 1333 d.
1290 1278 1383 1333 111.
1411 1275 1537 1332 Kal.
1567 1276 1711 1346 Oct.)
1747 1291 1799 1331 a.
1834 1292 1892 1332 ιι.
1919 1292 1968 1332 ο.
1997 1282 2114 1331 700.
2179 1310 2184 1315 -

502 1420 793 1478 MARCUS
833 1419 1110 1487 QUINTO
1146 1418 1421 1475 FRATRI
1457 1416 1816 1475 SALUTEM.

146 1528 173 1634 ξ
347 1529 493 1617 Ego
541 1551 618 1595 ex
660 1529 915 1615 magnis
962 1529 1396 1594 caloribus—
1422 1548 1559 1593 non
1612 1528 1786 1592 enim
1828 1527 2119 1593 memini-

214 1641 358 1684 mus
404 1619 678 1684 maiores
715 1654 799 1667 -
836 1617 910 1683 in
952 1615 1257 1702 Arpinati
1302 1637 1553 1681 summa
1595 1636 1795 1700 quum
1838 1616 2119 1681 amoeni-

214 1712 378 1790 tate,
440 1713 571 1772 tuan
639 1705 998 1771 salubritate
1056 1704 1340 1769 fluminis
1397 1725 1499 1769 me
1562 1703 1757 1769 refeci
1821 1702 2121 1770 ludorum

217 1795 466 1880 diebus,
521 1794 869 1860 Philotimo
913 1792 1258 1860 tribulibus
1304 1791 1785 1858 commendatis.
1871 1789 1959 1857 In
2000 1790 2120 1857 Ar·

216 1905 377 1949 cano
434 1906 489 1949 a.
537 1883 595 1947 d.
638 1900 759 1949 1111.
801 1882 955 1947 Idus
993 1879 1401 1967 Septembres
1443 1881 1566 1947 fui:
1611 1880 1702 1945 ibi
1741 1879 2121 1946 Mescidium

215 1992 363 2035 cum
406 1970 760 2035 Philoxeno
816 1991 1202 2054 aquamque,
1265 1991 1458 2053 quam
1510 1970 1559 2034 ii
1613 1968 1934 2035 ducebant
1986 1992 2123 2035 non

215 2060 410 2144 longe
457 2080 496 2123 a
540 2058 720 2140 villa,
770 2058 936 2122 belle
983 2079 1136 2122 sane
1182 2057 1487 2144 fluentem
1531 2057 2126 2142 vid1‚praesertim

216 2147 494 2213 maxima
538 2146 823 2211 siccitate
838 2196 857 2229 ‚
903 2146 1389 2230 uberioremque
1435 2144 1765 2230 aliquanto
1810 2166 1952 2211 sese
1994 2147 2127 2212 col·

216 2235 494 2300 lecturos
541 2255 678 2300 esse
724 2234 1050 2317 dicebant3
1094 2234 1266 2318 apud
1310 2232 1560 2299 Herum
1603 2236 1773 2298 recte
1820 2236 1976 2300 erat.
2042 2233 2131 2300 In

216 2322 572 2388 Maniliano
620 2322 857 2391 offendi
900 2321 1240 2406 Diphilum
1282 2321 1548 2407 Diphilo
1591 2321 1967 2405 tardiorem3
2010 2323 2129 2389 sed

217 2415 436 2476 tamen
480 2411 644 2476 nihil
690 2411 749 2475 ei
793 2410 1081 2475 restabat
1121 2414 1376 2495 praeter
1419 2410 1749 2476 balnearia
1792 2413 1860 2475 et
1903 2411 2130 2476 ambu-

218 2499 527 2563 lationem
589 2502 655 2564 et
716 2499 1044 2564 aviarium.
1150 2497 1326 2562 Villa
1388 2497 1549 2562 mihi
1617 2498 1802 2564 valde
1863 2499 2131 2584 placuit,

217 2590 559 2671 propterea
621 2587 792 2670 quod
856 2608 1172 2652 summam
1240 2585 1625 2672 dignitatem
1684 2586 2132 2671 pavimentata

218 2675 504 2760 porticus
539 2674 840 2757 habebat,
884 2674 1054 2759 quod
1091 2673 1252 2739 mihi
1287 2695 1462 2739 nunc
1498 2674 1771 2758 denique
1807 2677 2132 2761 apparuit,

218 2767 640 2848 posteaquam
685 2765 750 2827 et
792 2762 935 2846 ipsa
977 2765 1120 2828 tota
1162 2765 1346 2846 patet
1395 2765 1462 2828 et
1505 2763 1840 2828 columnae
1884 2764 2131 2849 politae

220 2855 389 2917 sunt.
461 2850 698 2916 Totum
742 2850 813 2913 in
858 2871 934 2914 eo
980 2854 1081 2916 est
1104 2885 1195 2898 -
1222 2850 1392 2935 quod
1437 2850 1598 2915 mihi
1644 2851 1766 2915 erit
1809 2872 1999 2917 curae
2023 2889 2132 2937 —,

217 2939 560 3004 tectorium
606 2940 681 3002 ut
724 2938 1112 3003 concinnum
1159 2939 1261 3002 sit.
1349 2937 1727 3004 Pavimenta
1769 2943 1941 3005 recte
1987 2940 2132 3006 fieri

219 3026 633 3108 videbantur3
687 3045 971 3091 cameras
1017 3025 1329 3110 quasdam
1372 3048 1508 3092 non
1550 3027 1820 3111 probavi
1863 3029 2130 3094 mutari·

165 3135 192 3174 ε
221 3133 344 3197 que
398 3114 573 3178 iussi.
663 3110 804 3189 Quo
859 3114 1001 3179 loco
1056 3114 1128 3179 in
1184 3114 1439 3198 porticu
1491 3117 1555 3178 te
1611 3115 1889 3181 scribere
1943 3118 2132 3183 aiunt

218 3203 293 3263 ut
328 3202 629 3266 atriolum
663 3199 796 3284 fiat,
832 3200 1009 3283 mihi,
1046 3205 1122 3268 ut
1156 3206 1273 3286 est,
1308 3202 1516 3288 magis
1551 3202 1875 3289 placebat3
1919 3226 2129 3291 neque

217 3399 548 3538 mngfil
554 3409 1250 3548 MRIWvffigzmm’
1302 3413 1420 3466 tum
1462 3410 1787 3468 salubritate
1828 3413 1887 3482 fl.
1935 3412 2127 3483 (Em).

97 3598 133 3624 h
