2338 3691
164 147 293 212 172
726 149 801 203 M.
841 146 1086 203 TULLII
1124 117 1508 201 CICERONIS
2329 0 2338 386 1

157 295 261 359 vel
306 294 690 359 auctoritate
734 294 836 358 vel
890 292 1128 380 gratia,
1182 291 1411 357 valebo
1457 291 1604 376 tibi3
1656 294 1729 356 tu
1776 312 1954 374 cura,
2001 294 2095 355 ut

160 404 383 536 gggltrenn
382 382 794 536 1ξῆὲῐιέιτιῑιίὺιι(11110
849 385 914 446 te
961 382 1188 466 animi,
1240 384 1381 446 tum
1428 381 1623 445 etiam
1670 401 1780 465 spe
1827 379 2093 465 optima
2335 395 2338 436 A

1041 664 1189 730 VII.
2335 675 2338 778 4

476 775 592 834 Sor.
639 777 699 832 in
748 775 943 832 Sicilia
987 779 1225 832 exeunte
1272 794 1418 832 anno
1456 796 1510 831 u.
1547 794 1593 832 c.
1635 782 1755 833 708.
2335 785 2338 824 l

559 899 876 956 CAECINA
902 900 1246 957 CICERONI
1272 900 1482 956 PLUR.
1515 900 1665 956 SAL.

91 1013 120 1063 1
293 999 478 1077 Quod
523 1002 648 1067 tibi
700 1023 838 1067 non
889 1006 1026 1066 tam
1072 1001 1364 1067 celeriter
1406 1000 1570 1066 liber
1629 1002 1728 1065 est
1770 1000 2082 1088 redditae,

157 1091 423 1176 ignosce
469 1091 686 1156 timori
732 1094 958 1156 nostro
1005 1093 1072 1155 et
1115 1091 1415 1155 miserere
1454 1090 1781 1174 temporis.
1852 1088 2079 1175 Filius,
2331 1003 2338 1228 i

157 1182 234 1246 ut
278 1179 498 1265 audi0,
542 1180 901 1264 pertimuit,
954 1200 1162 1264 neque
1208 1179 1473 1262 iniuria,
1532 1178 1586 1242 si
1631 1178 1795 1243 liber
1841 1179 2081 1244 exisset

176 1304 242 1315 ——
275 1269 581 1352 quoniam
624 1291 762 1334 non
795 1271 934 1333 tam
968 1269 1255 1353 interest,
1301 1289 1431 1353 quo
1477 1268 1693 1332 animo
1741 1266 2078 1352 scribatur,

160 1380 354 1442 quam
400 1380 528 1443 quo
584 1358 937 1443 accipiatur
980 1393 1094 1442 -.—,
1147 1378 1231 1421 ne
1278 1378 1354 1421 ea
1407 1375 1509 1421 res
1553 1356 1597 1436 †
1641 1357 1859 1441 inepte
1912 1357 2077 1421 mihi

158 1451 447 1531 noceret,
502 1469 700 1532 quum
744 1447 1124 1532 praesertim
1178 1445 1389 1511 adhuc
1435 1445 1567 1510 stili
1620 1467 1865 1530 poenas
1910 1445 2074 1510 dem.
2329 1459 2338 1558 1

160 1535 302 1610 Qua
345 1535 603 1620 quidem
647 1536 718 1600 in
761 1557 832 1600 re
879 1536 1195 1621 singulari
1241 1556 1384 1600 sum
1426 1533 1594 1618 fato3
1648 1556 1829 1619 nam,
1875 1556 2074 1619 quum

158 1623 465 1688 mendum
528 1624 880 1708 scripturae
943 1624 1140 1689 litura
1201 1624 1494 1707 tollatur,
1559 1624 1836 1688 stultitia
1896 1624 2076 1687 fama

158 1714 487 1795 multetur,
520 1733 701 1777 meus
740 1731 916 1778 error
953 1714 1177 1778 exsilio
1216 1712 1577 1798 corrigitur,
1614 1712 1793 1777 cuius
1824 1733 2075 1777 summa

160 1801 444 1866 criminis
487 1803 633 1887 -est,
698 1802 868 1886 quod
933 1804 1219 1868 armatus
1284 1802 1648 1867 adversario
1702 1801 1871 1866 male
1925 1800 2073 1867 dixi.

90 1900 121 1948 2
160 1887 368 1954 Nemo
416 1893 714 1955 nostrum
759 1894 874 1975 est,
919 1895 995 1956 ut
1040 1893 1298 1977 opinor,
1343 1892 1501 1976 quin
1545 1893 1699 1956 vota
1744 1890 2074 1957 Victoriae

161 1999 312 2042 suae
370 1979 622 2064 fecerit,
674 2001 893 2064 nemo,
949 1981 1106 2065 quin
1160 1980 1381 2064 etiam,
1437 2001 1634 2063 quum
1690 1979 1768 2044 de
1825 1979 1951 2043 alia
2002 2001 2075 2043 re

157 2066 539 2152 immolaret,
573 2071 794 2133 tamen
832 2090 907 2135 eo
945 2069 1205 2154 quidem
1238 2070 1381 2154 ipso
1417 2071 1727 2153 tempore,
1770 2071 1845 2133 ut
1880 2089 2076 2152 quam

157 2156 437 2238 primum
501 2153 739 2222 Caesar
801 2162 1239 2242 superaretur,
1303 2158 1567 2242 optarit:
1638 2155 1764 2223 hoc
1820 2158 1876 2221 si
1937 2177 2073 2221 non

159 2245 432 2330 cogitat,
495 2246 794 2312 omnibus
855 2247 1049 2311 rebus
1110 2247 1268 2311 felix
1321 2250 1446 2329 est3
1511 2246 1566 2310 si
1630 2246 1752 2309 scit
1814 2249 1880 2310 et
1932 2267 2073 2329 per-

160 2354 388 2398 suasus
452 2338 576 2420 est,
642 2335 793 2419 quid
847 2336 1145 2400 irascitur
1200 2335 1286 2419 ei,
1349 2335 1458 2419 qui
1513 2334 1753 2419 aliquid
1818 2334 2076 2418 scripsit

159 2425 385 2487 contra
413 2445 597 2488 suam
632 2425 1052 2508 voluntatem,
1091 2445 1290 2508 quum
1326 2423 1571 2508 ignorit
1608 2423 1926 2507 omnibus,
1963 2423 2075 2508 qui

87 2521 119 2569 3
158 2511 364 2575 multa
400 2511 554 2577 deos
591 2513 878 2577 venerati
916 2515 1070 2578 sunt
1106 2516 1335 2578 contra
1372 2513 1507 2576 eius
1547 2511 1865 2576 salutem?
1930 2509 2075 2594 Sed,

157 2602 232 2664 ut
275 2599 502 2665 eodem
545 2604 857 2685 revertar,
904 2622 1098 2666 causa
1141 2600 1304 2665 haec
1347 2600 1475 2665 fuit
1518 2601 1798 2665 timoris:
1846 2600 2076 2684 scripsi

158 2688 238 2752 de
282 2691 348 2754 te
392 2709 585 2774 parce
638 2690 886 2755 medius
931 2689 1120 2754 fidius
1168 2692 1236 2754 et
1257 2688 1528 2773 timide,
1581 2710 1718 2753 non
1761 2709 2077 2754 revocans

156 2797 259 2841 me
321 2778 489 2862 ipse,
553 2777 665 2843 sed
727 2798 933 2863 paene
994 2778 1352 2863 refugiens3
1416 2797 1620 2863 genus
1680 2779 1896 2841 autem
1948 2777 2078 2842 hoc

158 2865 513 2951 scripturae
558 2886 693 2932 non
737 2866 931 2932 modo
976 2866 1280 2950 liberum,
1333 2865 1447 2932 sed
1491 2866 1836 2931 incitatum
1881 2870 2078 2950 atque

158 2953 400 3018 elatum
454 2977 592 3019 esse
648 2955 879 3020 debere
934 2955 1077 3040 quis
1140 2954 1448 3040 ignorat?
1513 2956 1797 3020 solutum
1861 2955 2076 3019 existi·

156 3045 372 3106 matur
416 3063 555 3107 esse
602 3044 787 3108 alteri
832 3045 999 3108 male
1054 3044 1264 3109 dicere
1310 3078 1396 3090 -—
1441 3046 1665 3108 tamen
1699 3043 2078 3108 'cavendum

156 3130 285 3211 est,
343 3148 428 3193 ne
489 3130 561 3193 in
623 3132 1050 3215 petulantiam
1110 3132 1359 3197 incidas
1405 3155 1520 3217 -3
1571 3131 1952 3215 impeditum
2008 3153 2080 3196 se

297 3349 401 3420 Ep.
444 3357 492 3418 ’1,
525 3357 572 3405 1.
629 3356 820 3409 exisset
847 3388 913 3397 —
944 3358 1204 3427 quoniam
1242 3400 1255 3413 .
1277 3399 1290 3412 .
1314 3400 1326 3413 .
1366 3360 1675 3428 accipiatwr
1700 3389 1789 3425 —,
1825 3373 1893 3412 ne
1921 3358 2075 3427 (W.).

157 3434 258 3485 ex„
295 3437 343 3488 q.
384 3460 431 3472 ..
473 3437 602 3487 acc„
637 3439 706 3477 ne
731 3426 921 3496 vulgo.
960 3458 1027 3467 —
1065 3446 1130 3482 ea
1163 3445 1250 3483 res
1276 3433 1313 3496 †
1340 3431 1521 3499 inepte
1550 3429 1699 3500 (W.).
1774 3445 1838 3483 ea
1872 3444 1960 3482 res
1986 3430 2074 3483 in·

148 3503 317 3556 Peme
353 3488 524 3561 (ΨΜ
562 3507 635 3545 an
663 3509 728 3547 ea
753 3509 839 3549 res
865 3496 1090 3569 [inepte]
1118 3500 1256 3554 mihi
1284 3499 1454 3569 (W.)?
1528 3518 1592 3555 ea
1616 3515 1704 3555 res
1733 3500 1914 3568 inepte
1937 3498 2074 3554 ΜΒ.
