2338 3691
722 125 1240 180 EPISTOLARUM
1278 127 1318 179 Ι.
1357 132 1407 180 8.
1445 132 1496 179 θ.
1989 123 2068 186 17

150 270 335 335 tibus
380 272 447 334 et
491 269 916 352 senatoribuS,
961 274 1315 353 ceteraque,
1361 290 1525 353 quae
1571 269 1653 333 ad
1689 271 1756 332 te
1796 268 2072 352 pertine-

153 360 344 442 bunt,
390 380 588 441 quum
625 357 820 421 etiam
855 359 1000 442 plus
1040 358 1576 440 contenderimus,
1620 378 1812 440 quam
1850 378 2073 441 possu-

159 469 328 529 mus,
372 447 587 510 minus
630 449 852 510 tamen
895 446 1222 531 faeiemuS,
1267 468 1461 530 quam
1507 445 1826 520 debemus.

1061 640 1176 704 IX.

340 749 455 807 Ser.
490 750 703 806 Romae
740 743 976 807 exeunte
1012 769 1203 807 mense
1242 751 1472 805 Octobri
1509 767 1559 804 a.
1599 770 1651 804 u.
1691 768 1738 805 e.
1779 757 1898 805 ⁷00.

517 875 591 928 Μ.
631 873 884 930 CICERO
924 874 977 929 S.
1006 875 1073 929 D.
1103 874 1162 929 P.
1202 873 1547 928 LENTULO
1577 874 1724 929 IMP.

296 974 737 1039 Periueundae
782 974 942 1038 mihi
994 974 1261 1038 fuerunt
1317 975 1569 1038 litterae
1614 977 1790 1056 tuae,
1845 975 2077 1058 quibus
2119 989 2145 1035 1

150 1064 456 1129 intellexi
493 1067 559 1127 te
604 1062 962 1147 perspicere
1006 1084 1217 1126 meam
1261 1063 1332 1126 in
1375 1065 1441 1126 te
1477 1063 1785 1146 pietatem
1812 1099 1896 1109 --
1926 1063 2079 1146 quid

156 1154 345 1217 enim
390 1151 599 1215 dicam
642 1151 1184 1235 benevolentiam,
1230 1172 1429 1234 quum
1472 1151 1632 1215 illud
1675 1152 1891 1235 ipsum
1937 1172 2079 1236 gra-

157 1241 502 1306 vissimum
538 1243 604 1302 et
639 1239 1111 1303 sanctissimum
1136 1260 1378 1304 nomen
1404 1239 1665 1323 pietatis
1691 1241 1895 1304 levius
1920 1239 2080 1303 mihi

158 1328 414 1394 meritis
453 1348 607 1412 erga
650 1349 753 1391 me
789 1327 919 1391 tuis
956 1349 1093 1391 esse
1139 1327 1477 1392 videatur?
1498 1352 1611 1411 —3
1656 1328 1828 1411 quod
1865 1331 2081 1391 autem

159 1417 290 1481 tibi
339 1420 524 1500 grata
568 1437 713 1478 mea
752 1436 915 1500 erga
958 1419 1023 1479 te
1069 1416 1282 1481 studia
1329 1416 1554 1480 scribis
1601 1436 1757 1500 esse,
1801 1415 1963 1478 facis
2007 1419 2082 1479 tu

165 1505 431 1588 quidem
476 1503 876 1568 abundantia
920 1504 1198 1586 quadam
1235 1504 1491 1587 amoris,
1535 1508 1611 1567 ut
1654 1504 1850 1568 etiam
1895 1506 2083 1589 grata

167 1594 307 1657 sint
352 1614 450 1675 ea,
506 1613 670 1676 quae
716 1592 1142 1676 praetermitti
1188 1595 1323 1657 sine
1370 1592 1619 1658 nefario
1667 1594 1901 1657 scelere
1947 1614 2083 1657 non

168 1684 470 1765 possunt,
531 1680 655 1744 tibi
718 1683 931 1744 autem
986 1683 1191 1746 multo
1225 1682 1474 1746 ‘notior
1526 1686 1719 1765 atque
1771 1682 2082 1745 illustrior

172 1791 356 1832 meus
396 1769 468 1833 in
510 1773 577 1832 te
622 1768 877 1833 animus
914 1773 1099 1855 esset,
1144 1770 1199 1833 si
1235 1770 1361 1835 hoe
1396 1774 1685 1854 tempore
1722 1770 1916 1853 omni,
1953 1792 2079 1854 quo

170 1859 442 1922 diiuncti
486 1858 754 1941 fuimus,
807 1861 874 1922 et
914 1880 1048 1923 una
1091 1862 1157 1922 et
1200 1858 1446 1923 Romae
1501 1859 1870 1923 fuissemus:
1928 1881 2083 1922 nam
2121 1873 2151 1919 2

166 1948 241 2010 in
285 1969 365 2011 eo
408 1947 552 2030 ipso
561 1997 580 2030 ,
633 1946 808 2029 quod
858 1949 925 2010 te
980 1948 1264 2012 ostendis
1324 1968 1462 2012 esse
1515 1948 1838 2012 facturum
1883 1947 2081 2030 quod·

169 2057 294 2119 que
343 2037 409 2099 et
452 2035 522 2098 in
565 2034 790 2118 primis
835 2038 1019 2118 potes
1065 2038 1131 2099 et
1176 2056 1298 2120 ego
1345 2057 1385 2099 a
1419 2040 1486 2099 te
1521 2037 1934 2100 vehementer
1979 2057 2081 2099 ex-

169 2127 422 2207 specto,
475 2123 547 2185 in
600 2123 938 2187 sententiis
985 2124 1325 2188 senatoriis
1380 2127 1448 2188 et
1489 2125 1561 2188 in
1606 2125 1783 2189 omni
1829 2124 2083 2187 actione

168 2215 365 2296 atque
412 2210 969 2276 administratione
1021 2212 1115 2276 rei
1169 2213 1464 2296 publicae
1517 2212 1953 2277 floruissemus
1997 2248 2083 2258 ——

171 2300 249 2364 de
295 2322 428 2385 qua
473 2300 810 2364 ostendam
855 2300 1149 2383 equidem
1183 2301 1401 2385 paullo
1448 2304 1600 2385 post
1634 2301 1745 2384 qui
1780 2301 1866 2364 sit
1903 2322 2084 2364 meus

170 2410 398 2453 sensus
435 2391 504 2453 et
539 2391 765 2472 status,
802 2391 869 2452 et
901 2389 1250 2453 rescribam
1285 2389 1404 2453 tibi
1441 2389 1525 2453 ad
1560 2411 1653 2473 ea,
1694 2410 1855 2472 quae
1894 2410 2083 2472 quae-

170 2477 260 2539 ris
285 2514 393 2561 —,
431 2476 545 2541 sed
582 2480 753 2541 certe
790 2480 857 2541 et
891 2497 1012 2561 ego
1049 2482 1115 2541 te
1153 2481 1414 2542 auctore
1452 2477 1839 2542 amicissimo
1875 2500 1950 2541 ae
1987 2500 2083 2541 sa—

167 2565 577 2648 pientissimo
633 2567 700 2628 et
750 2568 825 2628 tu
882 2586 983 2628 me
1030 2565 1396 2630 consiliario
1450 2565 1725 2630 fortasse
1778 2587 1914 2631 non
1967 2567 2084 2629 im-

166 2654 588 2736 peritissime,
649 2652 824 2716 fideli
877 2653 1134 2737 quidem
1190 2658 1254 2718 et
1306 2655 1621 2719 benevolo
1677 2658 1878 2736 certe,
1930 2675 2085 2718 usus

169 2762 343 2806 esses
390 2778 477 2788 —
524 2762 914 2842 quamquam
955 2744 1074 2806 tua
1125 2743 1384 2826 quidem
1429 2764 1624 2806 eausa
1675 2746 1741 2806 te
1787 2763 1924 2806 esse
1967 2742 2084 2804 im-

168 2834 538 2912 peratorem
599 2829 1122 2913 provinciamque
1193 2831 1356 2895 bene
1422 2831 1622 2915 gestis
1684 2829 1875 2894 rebus
1938 2851 2088 2892 eum

171 2918 456 2983 exercitu
500 2917 745 2983 victore
791 2918 1109 3003 obtinere,
1163 2922 1240 2983 ut
1283 2919 1513 3003 debe0,
1565 2920 1772 2982 laetor
1815 2953 1928 3001 —-,
1973 2918 2085 2982 sed

172 3010 362 3090 certe,
397 3007 510 3090 qui
545 3006 668 3070 tibi
705 3028 784 3071 ex
817 3028 919 3070 me
957 3006 1205 3071 fruetus
1244 2970 1576 3089 debentur,
1611 3027 1722 3070 eos
1758 3006 2085 3071 uberiores

175 3097 242 3157 et
289 3094 798 3178 praestantiores
841 3115 1147 3179 praesens
1193 3116 1420 3180 capere
1464 3094 1813 3179 potuisses3
1870 3095 1942 3158 in
1994 3095 2086 3159 eis

311 3319 417 3391 Ep.
456 3329 507 3390 9,
537 3329 586 3377 2.
641 3321 1215 3390 floruissimus-de.
1274 3322 1642 3390 .quaeris—,
1674 3319 1949 3388 seam.)
2003 3321 2086 3387 11..

176 3365 507 3517 έρώε.Μ.1ς3
522 3393 618 3448 sed
660 3392 725 3447 B.
775 3421 846 3433 -
881 3391 1315 3461 praestantiores
1362 3391 1506 3459 (edd.
1553 3390 1758 3461 Regii).
1829 3404 2089 3458 praesem-

279 3548 504 3593 Ciceronis
531 3552 667 3601 enl-
1629 3552 1662 3599 2
