2338 3691
225 127 354 193 656
734 128 1092 184 EPISTOLA
1127 128 1192 195 Q.
1230 127 1611 184 CICERONIS

144 290 197 330 ³⁷
227 274 506 358 quentia.
577 273 795 338 Tertia
840 277 940 338 est
983 295 1061 338 ex
1102 273 1230 338 hoc
1275 294 1509 358 genere
1555 273 1812 338 assidua
1857 277 2136 340 assecta·

223 368 441 427 torum
485 362 694 445 copia:
758 362 829 424 in
883 384 960 426 ea
1022 383 1185 445 quos
1230 362 1628 427 voluntarios
1671 362 1971 447 habebis,
2032 385 2137 428 cu—

222 454 366 516 rato
429 454 504 514 ut
564 450 936 534 intelligant
995 454 1059 514 te
1125 450 1249 514 sibi
1311 451 1382 514 in
1442 453 1827 533 perpetuum
1881 473 2139 517 summo

223 539 530 603 beneficio
595 538 894 623 obligari3
953 539 1065 622 qui
1126 541 1345 603 autem
1404 539 1525 602 tibi
1589 538 1852 623 debent,
1913 539 1995 603 ab
2049 540 2134 604 iis

221 627 414 711 plane
457 626 583 692 hoc
626 647 863 691 munus
908 627 1178 712 exigit0‚
1231 627 1342 711 qui
1397 648 1515 711 per
1559 630 1839 692 aetatem
1893 649 1970 692 ac
2022 649 2133 692 ne-

222 715 474 799 gotium
534 718 866 799 poterunt,
927 716 1054 799 ipsi
1114 718 1330 780 tecum
1381 718 1457 780 ut
1510 716 1754 780 assidui
1808 716 1966 801 sint,
2023 717 2136 800 qui

219 804 345 887 ipsi
390 804 622 867 sectari
675 825 811 868 non
854 808 1188 887 poterunt,
1243 804 1640 869 necessarios
1687 826 1840 869 suos
1889 805 1963 869 in
2006 805 2136 869 hoc

219 913 485 955 munere
532 892 950 957 constituant.
1030 892 1237 957 Valde
1284 913 1406 977 ego
1449 895 1515 956 te
1561 893 1710 957 volo
1757 895 1823 956 et
1866 893 1948 957 ad
1993 914 2135 957 rem

219 981 540 1063 pertinere
604 980 883 1045 arbitror
954 1002 1205 1065 semper
1278 1002 1424 1045 cum
1494 981 1906 1045 multitudine
1971 1003 2133 1045 esse.

139 1071 193 1113 ³⁸
218 1067 561 1134 Praeterea
585 1088 889 1170 magnam
918 1069 1142 1133 afferet
1174 1070 1431 1134 laudem
1467 1072 1534 1133 et
1569 1090 1884 1133 summam
1921 1068 2133 1154 digni-
2153 1145 2158 1150 A

217 1160 448 1242 tatem,
501 1157 557 1221 si
610 1158 656 1220 ii
709 1161 922 1222 tecum
968 1160 1185 1241 erunt,
1238 1158 1350 1241 qui
1403 1180 1443 1222 a
1494 1160 1560 1221 te
1615 1157 1863 1222 defensi
1906 1161 1974 1221 et
2018 1159 2134 1241 qui

218 1268 335 1330 per
394 1250 461 1310 te
526 1246 761 1310 servati
832 1267 908 1310 ae
968 1246 1220 1310 iudiciis
1291 1246 1547 1311 liberati
1611 1249 1790 1310 sunt.
1862 1246 1987 1310 hoc
2055 1250 2133 1310 tu

217 1335 409 1417 plane
456 1334 537 1398 ab
584 1335 663 1399 iis
707 1334 1063 1418 postulato,
1107 1338 1208 1417 ut,
1262 1335 1567 1417 quoniam
1611 1335 1792 1398 nulla
1834 1335 2137 1419 impensa

217 1443 335 1506 per
385 1426 452 1486 te
508 1423 618 1487 alii
672 1444 834 1506 rem,
896 1423 1006 1487 alii
1060 1422 1496 1514 honestatem,
1559 1423 1669 1487 alii
1724 1423 1999 1487 salutem
2055 1444 2135 1487 ac

218 1510 514 1576 fortunas
557 1533 778 1576 omnes
826 1511 1227 1576 obtinuerint
1260 1532 1381 1576 nec
1414 1512 1588 1575 aliud
1622 1511 1827 1575 ullum
1871 1514 2135 1595 tempus

217 1600 508 1664 futurum
553 1601 663 1683 sit,
715 1600 828 1664 ubi
880 1600 1001 1663 tibi
1045 1600 1284 1664 referre
1340 1600 1619 1684 gratiam
1671 1599 1953 1684 possint,
2006 1600 2134 1664 hoc

174 1690 188 1698 ’
217 1690 282 1751 te
329 1689 542 1753 officio
588 1693 1093 1752 remunerentur.

134 1758 199 1864 ἐξ
350 1776 465 1861 Et,
529 1777 834 1861 quoniam
887 1777 957 1839 in
1012 1777 1365 1842 amicorum
1418 1776 1648 1841 studiis
1700 1776 1864 1841 haec
1919 1778 2129 1841 omnis

217 1866 382 1930 ratio
437 1870 756 1948 versatur,
808 1866 919 1949 qui
971 1866 1153 1931 locus
1206 1867 1277 1931 in
1329 1866 1455 1930 hoc
1507 1886 1741 1951 genere
1806 1866 2129 1930 cavendus

219 1953 328 2037 sit,
380 1955 1023 2037 praetermittendum
1084 1976 1221 2020 non
1282 1955 1561 2019 videtur:
1621 1954 1871 2018 fraudis
1934 1959 2129 2037 atque

216 2042 597 2106 insidiarum
654 2046 721 2105 et
781 2042 1086 2124 perfidiae
1149 2044 1343 2127 plena
1415 2046 1569 2108 sunt
1630 2043 1867 2107 omnia.
1971 2040 2130 2106 Non
2227 2120 2232 2125 .

218 2134 315 2194 est
376 2130 569 2195 huius
627 2131 940 2214 temporis
1004 2135 1316 2215 perpetua
1376 2131 1490 2195 illa
1553 2130 1632 2195 de
1693 2131 1820 2196 hoc
1893 2151 2128 2215 genere

217 2218 594 2303 disputatio,
667 2220 897 2303 quibus
968 2220 1160 2284 rebus
1233 2220 1582 2283 benevolus
1654 2222 1722 2283 et
1793 2219 2130 2283 simulator

216 2306 551 2372 diiudicari
603 2309 881 2392 possint3
944 2310 1202 2373 tantum
1256 2311 1357 2373 est
1406 2308 1600 2373 huius
1651 2308 1964 2392 temporis
2019 2307 2127 2370 ad-

215 2416 505 2461 monere:
584 2418 834 2460 summa
902 2399 1019 2460 tua
1082 2397 1289 2460 virtus
1363 2396 1619 2461 eosdem
1688 2396 1986 2460 homines
2060 2398 2128 2458 et

217 2484 516 2548 simulare
577 2485 699 2548 tibi
763 2506 830 2549 se
894 2506 1032 2549 esse
1106 2485 1345 2550 amicos
1410 2488 1477 2549 et
1536 2484 1824 2548 invidere
1887 2483 2127 2569 coegit3

224 2572 640 2654 quamobrem
678 2566 1141 2658 Ἐπιχάρμειον
1194 2573 1355 2637 illud
1408 2577 1654 2637 teneto:
1708 2594 1976 2656 „nervos
2033 2575 2126 2635 at-

217 2682 339 2742 que
412 2665 591 2725 artus
670 2683 808 2725 esse
876 2662 1230 2745 sapientiae
1301 2683 1437 2726 non
1507 2664 1746 2725 temere
1819 2659 2125 2725 credere‘fi

134 2760 188 2799 40
215 2747 330 2832 Et,
403 2771 602 2833 quum
664 2753 926 2814 tuorum
989 2750 1342 2814 amicorum
1414 2749 1627 2814 studia
1698 2748 2126 2830 constitueriS‚

215 2839 356 2901 tum
410 2838 605 2901 etiam
661 2837 1165 2903 obtrectatorum
1225 2841 1417 2921 atque
1472 2837 1985 2902 adversariorum
2028 2858 2126 2900 ra·

213 2925 425 2989 tiones
473 2928 539 2989 et
574 2946 814 3010 genera
850 2927 1244 3011 cognoscito.
1316 2925 1496 2990 Haec
1530 2927 1658 2990 tria
1694 2929 1872 2990 sunt:
1909 2947 2125 3007 unum,

217 3035 376 3095 quos
422 3014 694 3097 laesisti3
749 3016 1048 3098 alterum,
1103 3016 1214 3098 qui
1259 3015 1397 3078 sine
1452 3036 1645 3078 causa
1688 3036 1825 3078 non
1878 3018 2126 3094 amant3

214 3101 498 3187 tertium,
544 3103 654 3186 qui
700 3104 1195 3187 competitorum
1239 3103 1423 3168 valde
1471 3102 1659 3166 amici
1704 3105 1875 3167 sunt.
1953 3101 2126 3178 Quos

357 3329 417 3387 9,
456 3330 541 3378 37.
613 3330 965 3384 necessarios
995 3345 1123 3384 suos
1179 3331 1407 3400 (vulgo).
1505 3346 1547 3384 8.
1594 3347 1649 3384 n
1697 3329 1840 3397 Eril,
1877 3329 1940 3382 B.
2041 3334 2123 3381 38.

215 3388 405 3522 ξζῖξέεΐ
449 3393 598 3463 (W..)
692 3399 856 3464 affert
901 3399 1090 3470 vulgo
1147 3429 1216 3441 —
1269 3402 1369 3456 hoc
1411 3405 1475 3455 tu
1529 3398 1652 3469 (Ox.
1700 3400 1802 3467 Τ.).
1891 3400 2022 3454 haec
2066 3404 2127 3452 tu
