2338 3691
444 121 962 178 EP1sToLARuM
999 123 1096 178 An
1135 121 1200 189 Q.
1237 106 1627 181 FRATREM
1655 129 1721 183 11.
1758 137 1806 183 4.
1844 136 1893 185 5.
2005 131 2128 194 601

209 267 476 332 offensio
531 268 722 333 nobis
776 268 1057 352 obstitit3
1120 270 1504 334 senatorum
1570 273 1738 336 enim
1802 295 1964 339 urna
2025 296 2125 339 co-

207 355 387 439 piose
434 355 739 441 absolvit,
794 358 1082 441 equitum
1128 357 1545 442 adaequavit,
1598 361 1842 425 tribuni
1896 361 2125 425 aerarii

209 444 748 528 condemnarunt3
807 445 919 510 sed
982 445 1107 510 hoc
1168 446 1651 512 incommodum
1704 448 2123 514 consolantur

208 532 620 616 quotidianae
669 534 1113 598 damnationes
1158 534 1582 619 inimicorum,
1624 536 1695 599 in
1740 536 1972 620 quibus
2018 557 2120 601 me

205 620 564 704 perlibente
609 623 652 702 †
699 621 923 688 Sevius
978 623 1199 687 allisus
1255 627 1378 707 est,
1432 625 1630 688 ceteri
1679 624 2120 689 conciduntur.

208 706 278 774 C.
308 707 469 775 Cato
508 711 925 776 concionatus
972 714 1073 776 est
1107 711 1368 776 comitia
1392 711 1618 777 haberi
1653 734 1789 778 non
1830 713 2121 796 siturum,

210 797 267 862 si
314 797 437 863 sibi
462 799 505 878 †
532 821 573 864 a
617 799 858 884 populo
905 799 1040 864 dies
1086 800 1323 885 agendi
1368 804 1586 865 essent
1629 802 1924 885 exempti.
1985 800 2119 885 Ap-

207 885 356 969 pius
420 909 460 951 a
523 885 794 953 Caesare
856 888 1147 954 nondum
1218 888 1512 953 redierat.
1619 888 1791 954 Tuas
1853 889 2118 954 mirifice
2147 911 2174 952 ἰ

207 974 459 1040 litteras
505 980 830 1062 erspecto:
878 981 1069 1061 atque
1117 977 1327 1042 adhuc
1369 977 1656 1042 clausum
1701 1000 1875 1042 mare
1920 977 2119 1042 fuisse

211 1063 377 1148 sciO,
441 1065 552 1129 sed
608 1066 920 1150 quosdam
972 1066 1225 1130 venisse
1277 1069 1499 1131 tamen
1553 1064 1742 1130 Olbia
1804 1065 2121 1148 dicebant,

212 1152 325 1235 qui
368 1156 436 1217 te
483 1154 667 1220 unice
710 1155 1054 1219 laudarent
1088 1154 1473 1239 plurimique
1510 1155 1582 1219 in
1615 1153 1948 1238 provincia
1981 1154 2122 1218 fieri

211 1241 522 1306 dicerent:
569 1243 827 1307 eosdem
872 1243 1134 1307 aiebant
1177 1243 1477 1307 nuntiare
1513 1246 1578 1307 te
1613 1243 1823 1327 prima
1857 1243 2120 1327 naviga-

208 1330 387 1394 tione
451 1332 1004 1415 transmissurum3
1065 1331 1132 1395 id
1198 1331 1385 1415 cupio
1450 1335 1542 1415 et,
1605 1352 1993 1415 quamquam
2053 1333 2121 1393 te

208 1417 423 1501 ipsum
480 1419 722 1484 scilicet
782 1420 1081 1503 maxime,
1143 1423 1364 1484 tamen
1418 1420 1611 1485 etiam
1673 1419 1922 1483 litteras
1974 1422 2122 1484 tuas

210 1511 363 1571 ante
410 1510 727 1593 exspecto.
815 1507 909 1573 Mi
952 1508 1172 1591 frater,
1220 1509 1380 1573 vale.

1119 1691 1184 1767 V

533 1814 645 1870 Ser.
685 1829 735 1869 a.
773 1812 824 1868 d.
863 1812 957 1870 VI.
996 1814 1127 1870 Idus
1163 1814 1386 1886 Apriles
1424 1830 1472 1868 a.
1512 1831 1566 1869 n.
1606 1830 1652 1869 c.
1683 1820 1801 1870 698.

487 1936 777 1993 MARCUS
829 1938 1105 2004 QUINTO
1162 1939 1435 1994 FRATRI
1490 1938 1848 1994 SALUTEM.

344 2037 665 2104 Dederam
709 2039 791 2104 ad
836 2042 901 2104 te
946 2040 1196 2105 litteras
1243 2042 1465 2123 antea,
1510 2040 1741 2124 quibus
1788 2041 1928 2102 erat
1971 2037 2120 2102 scri·
2150 2057 2175 2097 ι

210 2131 399 2211 ptum
452 2127 729 2192 Tulliam
782 2131 1073 2193 nostram
1128 2125 1494 2212 Crassipedi
1548 2148 1644 2211 pr.
1697 2127 1863 2191 Non.
1917 2124 2124 2210 April.

214 2236 354 2280 esse
401 2215 783 2299 desponsam
829 2219 1164 2301 ceteraque
1212 2216 1290 2281 de
1333 2237 1403 2280 re
1443 2215 1703 2299 publica
1747 2215 2122 2298 privataque

210 2303 727 2388 perscripseram.
824 2305 1061 2369 Postea
1115 2306 1268 2368 sunt
1310 2303 1471 2368 haec
1526 2306 1694 2367 acta:
1748 2300 1920 2366 Non.
1964 2299 2122 2385 Apr.

213 2395 474 2456 senatus
530 2393 824 2458 consulto
878 2392 1189 2477 Pompeio
1243 2392 1516 2476 pecunia
1561 2391 1817 2456 decreta
1873 2390 1944 2453 in
1985 2411 2124 2453 rem

208 2479 699 2546 frumentariam
754 2481 837 2545 ad
889 2480 1019 2546 HS.
1066 2497 1260 2563 cccc3
1324 2480 1436 2544 sed
1499 2479 1722 2544 eodem
1781 2477 1881 2542 die
1935 2477 2123 2543 vehe-

209 2573 460 2633 menter
514 2574 728 2634 actum
785 2570 863 2634 de
917 2590 1074 2654 agro
1132 2567 1461 2653 Campano
1518 2568 1794 2633 clamore
1861 2570 2122 2632 senatus

208 2679 410 2741 prope
456 2658 840 2723 concionali:
887 2659 1196 2723 acriorem
1243 2678 1502 2721 causam
1545 2656 1769 2740 inopia
1810 2654 2121 2739 pecuniae

206 2745 488 2810 faciebat
533 2749 600 2811 et
645 2767 940 2811 annonae
978 2747 1229 2811 caritas.
1300 2744 1453 2810 Non
1487 2744 1998 2830 praetermittam
2038 2764 2120 2806 ne
2148 2758 2175 2801 ι

206 2834 368 2898 illud
414 2835 698 2918 quidem:
742 2834 830 2899 M.
875 2834 1142 2899 Furium
1187 2832 1517 2917 Flaccum,
1562 2833 1842 2917 equitem
1886 2830 2121 2895 Roma-

204 2942 391 3006 num,
442 2922 775 2997 hominem
826 2944 1132 3007 nequam,
1197 2919 1545 3006 Capitolini
1600 2925 1666 2985 et
1709 2919 2122 2985 Mercuriales

207 3010 287 3075 de
334 3011 605 3097 collegio
672 3012 995 3077 eiecerunt
1055 3014 1488 3095 praesentem,
1545 3009 1625 3073 ad
1680 3008 1875 3093 pedes
1930 3008 2121 3077 unius

346 3184 453 3255 Ep.
490 3192 541 3255 4,
571 3193 621 3242 6.
693 3189 732 3253 ἢ
767 3185 960 3242 Sevius
997 3186 1147 3254 (W.).
1222 3183 1413 3240 Sevius
1449 3183 1511 3237 B.
1586 3182 1823 3238 Saenius
1852 3181 2023 3251 (W.)?
2050 3211 2121 3221 —

203 3257 560 3311 concionatus
595 3261 672 3311 est
707 3258 929 3311 comitia
964 3256 1193 3324 (MRI.).
1275 3271 1319 3310 c.
1366 3259 1442 3309 est
1476 3269 1531 3308 se
1576 3269 1619 3308 c.
1658 3252 1746 3320 L.‚
1784 3253 1846 3306 B.
1896 3282 1962 3291 —
2010 3255 2048 3317 †
2084 3269 2123 3306 a

198 3328 409 3396 populo
447 3327 637 3396 (MR).
720 3329 796 3383 ad
827 3328 1095 3396 populum
1131 3325 1266 3393 (W.)
1304 3327 1404 3379 aut
1440 3340 1562 3378 cum
1588 3324 1799 3392 populo
1832 3320 1893 3390 1·,
1929 3321 2119 3389 vulgo.

198 3403 474 3524 {5⁹12thaess
508 3398 695 3467 MRL,
732 3399 920 3468 vulgo.
1013 3397 1169 3465 atqui
1204 3394 1265 3450 B.
1324 3424 1389 3434 —
1449 3394 1613 3448 Olbia
1650 3392 1867 3461 (Mam).
1963 3391 2122 3444 Ostia
