2338 3691
132 3571 196 3591 h..

260 125 391 192 252
826 123 904 180 Μ.
944 122 1194 180 TULLII
1228 122 1608 182 CICERONIS

260 294 378 357 per
420 271 725 337 iniuriam
770 268 895 337 sibi
955 268 1150 358 p'utat
1201 276 1492 358 ereptum
1536 277 1936 357 auyuratum,
2000 273 2185 338 cuius

263 382 385 446 ego
432 364 657 426 auctor
700 361 950 426 fuerim.
1038 359 1234 427 Nunc
1286 362 1447 427 furit
1488 365 1626 427 tam
1671 363 1930 449 gavisos
1974 362 2181 428 homi-

261 469 379 514 nes
436 472 625 515 suum
680 450 967 516 dolorem
1010 452 1054 531 †
1091 472 1419 536 unumque
1476 473 1663 517 move
1727 452 2187 517 studiosiorem

262 537 561 604 Antonii·
624 561 779 604 nam
842 537 958 606 Cn.
1005 538 1428 606 Saturninum
1491 540 1968 607 adolescentem
2033 538 2183 604 ado-

264 623 485 692 lescens
563 628 703 713 ipse
749 626 864 694 Gn.
917 629 1244 696 Domitius
1297 651 1480 695 reum
1531 630 1713 714 fecit,
1767 651 1927 695 sane
1989 646 2180 713 quam

265 717 592 801 superiore
647 740 687 783 a
731 718 867 784 vita
930 718 1346 803 invidiosum3
1409 719 1579 803 quod
1642 718 1953 783 iudicium
2010 736 2179 781 nunc

264 807 336 871 in
379 807 857 892 exspectatione
903 811 1027 892 est,
1082 809 1278 873 etiam
1330 809 1402 872 in
1444 808 1620 874 bona
1674 829 1786 892 spe
1840 809 1999 891 post
2045 803 2177 870 Sex.

194 902 225 947 2
262 894 579 960 Peducaei
614 896 1105 961 absolutionem.
1177 896 1276 962 De
1315 918 1565 962 summa
1598 919 1667 961 re
1693 896 1959 981 publica
1995 914 2176 977 saepe

262 984 385 1048 tibi
449 986 678 1070 scripsi
739 1007 843 1050 me
895 986 983 1051 ad
1042 1008 1287 1050 annum
1339 1007 1566 1070 pacem
1618 1007 1755 1051 non
1800 985 2048 1067 videre,
2101 984 2177 1065 et,

267 1094 394 1156 quo
448 1074 716 1158 propius
772 1095 850 1138 ea
902 1075 1261 1160 contenti0,
1316 1097 1510 1159 quam
1562 1074 1702 1138 fieri
1755 1094 2023 1139 necesse
2068 1072 2176 1153 est,

268 1162 529 1248 accedit,
575 1185 652 1228 eo
699 1164 932 1229 clarius
989 1163 1057 1228 id
1101 1164 1458 1249 periculum
1504 1165 1790 1248 apparet.
1879 1158 2175 1244 Proposi-

265 1255 407 1315 tum
451 1214 577 1316 11Ᾰο
621 1255 747 1338 est,
779 1252 888 1317 de
943 1274 1099 1337 quo,
1161 1253 1274 1336 qui
1335 1274 1550 1316 rerum
1602 1252 1969 1336 potiuntur,
2031 1248 2178 1313 sunt

268 1339 656 1425 dimicaturi,
701 1341 874 1426 quod
928 1338 1043 1407 On.
1087 1340 1433 1426 Pompeius
1479 1340 1817 1406 constituit
1860 1360 2001 1404 non
2045 1333 2176 1421 pati

268 1426 337 1494 O.
392 1426 732 1501 Caesarem
787 1430 1115 1495 consulem
1169 1431 1357 1494 aliter
1412 1429 1579 1514 fleri,
1639 1429 1767 1493 nisi
1832 1426 2177 1493 exercitum
2252 1468 2255 1471 >

269 1510 337 1581 et
379 1519 744 1602 provincias
787 1518 1150 1604 tradiderit,
1214 1516 1475 1584 Caesari
1530 1521 1744 1583 autem
1799 1534 2177 1602 persuasum

269 1609 370 1669 est
414 1627 481 1671 se
526 1608 777 1672 salvum
822 1628 958 1672 esse
994 1629 1131 1673 non
1167 1629 1377 1692 posse,
1417 1608 1478 1672 si
1521 1607 1604 1671 ab
1651 1607 1936 1671 exercitu
1979 1622 2175 1669 reces-

270 1695 450 1777 serit3
493 1695 621 1759 fert
664 1696 844 1760 illam
886 1700 1108 1760 tamen
1143 1696 1604 1780 condicionem,
1647 1698 1723 1760 ut
1767 1696 1961 1760 ambo
2008 1698 2169 1758 exer·

271 1783 435 1847 citus
462 1783 743 1849 tradant.
816 1782 919 1850 Sic
955 1785 1052 1849 illi
1088 1806 1339 1851 amores
1368 1787 1435 1850 et
1458 1784 1780 1850 invidiosa
1807 1779 2166 1850 coniunctio

269 1892 405 1936 non
450 1872 532 1937 ad
569 1874 887 1938 occultam
921 1874 1148 1940 recidit
1185 1875 1737 1958 obtrectationem,
1783 1874 1897 1939 sed
1934 1873 2015 1939 ad
2050 1868 2164 1933 bel·

268 1961 404 2024 lum
450 1982 518 2025 se
564 1962 859 2047 erumpit.
948 1961 1193 2049 Neque,
1237 1986 1526 2045 mearum
1569 1985 1784 2028 rerum
1830 1963 1987 2047 quid
2031 1978 2167 2024 con-

270 2048 399 2112 silii
451 2050 727 2136 capiam,
780 2052 1028 2136 reperio
1076 2088 1159 2099 —
1209 2053 1381 2137 quod
1432 2073 1569 2117 non
1623 2052 1847 2117 dubito
1907 2050 2060 2137 quin
2107 2048 2167 2107 te

271 2158 524 2223 quoque
568 2139 729 2203 haec
784 2140 1159 2206 deliberatio
1217 2142 1302 2206 sit
1357 2141 1810 2226 perturbatura
1855 2164 1974 2223 —3
2026 2153 2165 2200 nam

271 2226 432 2291 mihi
487 2249 633 2293 cum
685 2228 1056 2294 hominibus
1109 2230 1214 2294 his
1269 2234 1336 2294 et
1385 2231 1600 2315 gratia
1645 2234 1712 2294 et
1753 2230 1797 2309 ἦ·
1830 2224 2164 2294 necessitu-

272 2314 488 2380 dinem
515 2339 687 2382 cum:
717 2338 977 2383 causam
1001 2318 1200 2402 illam,
1225 2340 1362 2385 non
1397 2319 1693 2384 homines
1731 2319 1855 2383 odi.
1919 2313 2082 2382 Illud
2106 2312 2166 2372 te

270 2425 409 2471 non
462 2406 741 2471 arbitror
791 2407 1044 2493 fugere,
1098 2407 1258 2492 quin
1309 2407 1604 2473 homines
1657 2407 1730 2472 in
1783 2402 2163 2471 dissensione

272 2493 625 2559 domestica
687 2495 990 2581 debeant,
1062 2495 1369 2598 quamdiu
1440 2497 1711 2562 civiliter
1774 2496 1913 2560 sine
1984 2485 2161 2557 3111118

271 2587 576 2668 certetur,
620 2584 1058 2650 honestiorem
1102 2584 1285 2669 sequi
1329 2589 1606 2671 partem,
1656 2584 1771 2650 ubi
1815 2585 1896 2650 ad
1941 2580 2162 2648 bellum

412 2775 516 2847 Ep.
547 2782 633 2844 14,
664 2782 710 2831 1.
784 2782 1025 2847 ereptum
1058 2782 1393 2847 auguratum
1421 2778 1570 2848 (Wn)
1646 2794 1772 2848 auy.
1800 2794 1872 2833 er.
1904 2777 2080 2839 Gron„
2104 2767 2159 2822 Β

271 2853 609 2917 auguratum
645 2864 752 2902 om.
790 2847 896 2908 M.
913 2879 981 2888 —
1026 2852 1368 2919 †wnwmque
1400 2864 1549 2904 move
1583 2850 1726 2904 stud.
1767 2850 1886 2919 (Μ.,
1922 2847 2045 2916 W.)
2108 2853 2158 2891 ¹⁴·

270 2920 428 2973 modo
462 2936 545 2974 me
577 2919 750 2987 fuisse
783 2924 848 2973 st.
882 2895 1058 2988 '(W.)?
1130 2920 1220 2973 An
1265 2936 1320 2974 u.
1359 2920 1516 2974 modo
1551 2937 1632 2975 me
1664 2925 1730 2974 st.
1770 2921 2003 2989 (Β.)--
2046 2910 2159 2967 αᾶθ·

272 2990 544 3045 lescentem
594 2991 899 3045 adolescens
950 2991 1068 3059 ipse
1121 2991 1272 3059 (W.).
1365 2992 1745 3046 adolescentem
1779 2994 1817 3045 i.
1854 2991 1952 3058 M.,
1989 2984 2160 3062 vulgo

273 3064 323 3114 2.
379 3062 453 3115 ad
489 3078 700 3116 amum
731 3062 885 3132 (W).
968 3079 1180 3116 annum
1212 3062 1288 3116 M.
1371 3079 1618 3117 annuam
1651 3063 1712 3116 B.
1760 3092 1828 3103 --
1874 3032 2159 3117 tradiderit,

274 3129 501 3185 Caesari
538 3134 695 3201 (W..)
787 3138 888 3198 m·
927 3132 984 3187 0.
1023 3132 1083 3187 B.
1140 3163 1212 3173 -
1265 3134 1501 3202 erumpit
1537 3133 1641 3201 (cd.
1682 3133 1912 3205 Sigon..)
1996 3119 2157 3192 erupit

269 3199 403 3254 ΜΒ.
442 3230 511 3241 -—
498 3205 795 3324 erumpit.
867 3174 1060 3272 'Neque
1097 3204 1247 3273 (W.).
1320 3220 1425 3272 er.;
1459 3221 1627 3274 neque
1661 3204 1724 3258 B.
1764 3233 1831 3245 --
1867 3199 2155 3272 reperio-

271 3272 467 3340 quod.
543 3278 735 3340 ‚pert
772 3293 872 3339 —-;
917 3291 1048 3329 nam
1093 3275 1244 3344 (W.,)
1335 3292 1482 3345 νεΡ.,·
1525 3276 1718 3345 quod.
1776 3279 1958 3345 ,ΡΜ
2022 3263 2153 3321 Nam

272 3341 461 3409 vulgo.
516 3369 588 3379 —-
642 3346 693 3394 et
726 3347 763 3407 †
798 3346 1243 3400 necessitudinem
1287 3361 1409 3400 cum
1455 3347 1670 3416 (MW.).
1761 3351 1814 3400 et
1853 3331 2155 3401 necessitde

271 3410 560 3465 intercedit
596 3410 705 3476 (W
709 3415 766 3478 )?
837 3414 925 3467 An
953 3421 1003 3469 et
1027 3433 1082 3470 n.
1112 3422 1189 3471 est
1218 3417 1345 3486 (W.,
1374 3418 1436 3471 B.
1439 3419 1498 3487 )?
1533 3448 1604 3458 —
1638 3433 1752 3473 ‘non
1786 3419 1910 3473 item
1944 3408 2155 3471 homin&

275 3479 445 3551 (W.)?
519 3481 665 3533 unde
698 3480 748 3534 h.
788 3481 860 3536 M.
