2338 3691
736 144 1253 200 EPISTOLARUM
1289 144 1434 200 VIII.
1476 153 1522 198 1.
1562 151 1610 199 ΕΣ.
1996 143 2127 208 229

201 290 323 372 qui
390 288 618 357 scirem
681 288 755 364 Q.
814 287 1195 374 Pompeium
1256 289 1477 354 Baulis
1539 288 1583 369 †
1624 289 2127 354 embaenet1eam

201 377 426 441 faeere
471 381 538 442 et
590 399 794 462 usque
840 399 934 463 e0,
978 382 1054 444 ut
1098 398 1220 464 ego
1267 379 1600 443 misererer
1646 378 1781 442 eius
1790 428 1809 462 ,
1868 378 2128 461 esurire,

200 487 347 530 non
393 487 536 530 sum
584 470 942 532 commotus
988 471 1070 552 et,
1115 467 1239 532 hoe
1283 467 1644 551 mendacio,
1690 467 1746 531 si
1790 488 1917 552 qua
1961 466 2126 551 peri-

203 555 357 618 cula
421 555 542 619 tibi
603 555 1077 640 impenderent,
1147 559 1224 620 ut
1294 555 1815 641 defungeremur,
1888 554 2124 639 optavi.

200 641 492 708 Planeus
539 643 795 728 quidem
841 648 991 711 tuus
1029 644 1380 710 Ravennae
1426 648 1544 727 est,
1589 648 1655 709 et
1689 664 1928 729 magno
1976 665 2127 709 con-

203 732 419 816 giario
467 732 746 798 donatus
793 756 832 798 a
877 732 1148 798 Caesare
1205 754 1323 798 neo
1375 733 1604 798 beatus
1656 754 1776 797 nee
1822 733 1985 797 bene
2029 733 2124 797 in-

202 823 497 885 structus
544 824 658 887 est.
750 821 874 887 Tui
918 822 1165 906 politici
1211 822 1362 887 libri
1407 823 1706 887 omnibus
1751 821 1992 908 vigent.

1132 1015 1218 1082 Π.

562 1128 676 1184 Ser.
717 1129 926 1183 Romae
963 1145 1152 1184 mense
1189 1129 1349 1184 Iunio
1388 1146 1436 1183 a.
1475 1147 1528 1182 ιι.
1567 1145 1616 1186 ο.
1655 1134 1785 1185 708.

708 1251 1034 1327 ‚CAELIUS
1072 1252 1416 1309 CICERONI
1455 1251 1604 1308 SAL.

349 1352 561 1436 Certe,
606 1353 899 1438 inquam,
952 1354 1288 1418 absolutus
1344 1357 1444 1418 est
1495 1389 1584 1400 —
1636 1373 1740 1417 me
1791 1352 2127 1436 praesente
2168 1361 2197 1410 1

206 1440 709 1523 pronuntiatum
754 1444 856 1507 est
861 1478 983 1544 ·—,
1029 1445 1097 1507 et
1141 1442 1398 1527 quidem
1442 1442 1520 1507 ab
1557 1440 1856 1506 omnibus
1893 1439 2128 1503 ordini-

207 1527 336 1591 bus
401 1531 469 1592 et
530 1529 801 1614 singulis
855 1530 927 1594 in
980 1552 1110 1597 uno
1168 1553 1422 1615 quoque
1487 1530 1709 1596 ordine
1774 1527 2130 1593 sententiis.

208 1614 413 1699 „Ride
467 1617 698 1684 modo“
696 1619 1000 1703 ,inquis.
1087 1617 1243 1684 Non
1296 1619 1715 1684 mehercules.
1775 1617 1941 1682 nihil
1992 1639 2129 1682 um-

212 1725 412 1788 quam
456 1707 631 1770 enim
674 1710 811 1771 tam
854 1710 1110 1792 praeter
1145 1708 1535 1792 opinionem,
1578 1712 1716 1772 tam
1752 1706 1924 1793 quod
1959 1705 2129 1771 vide-

211 1796 394 1858 retur
439 1795 739 1861 omnibus
791 1796 1158 1883 indignum,
1212 1796 1470 1882 accidit3
1525 1797 1683 1882 quin
1728 1817 1879 1882 ego,
1933 1816 2133 1880 quum

212 1903 335 1966 pro
383 1884 666 1949 amicitia
718 1885 1108 1951 validissime
1151 1887 1438 1952 faverem
1494 1888 1554 1951 ei
1607 1890 1674 1952 et
1724 1907 1827 1950 me
1872 1885 2003 1948 iam
2048 1883 2129 1948 ad

214 1971 567 2038 dolendum
611 1995 1122 2060 praeparassem,
1176 1978 1522 2060 postquam
1566 1975 1812 2039 factum
1858 1975 1974 2058 est,
2021 1973 2130 2036 ob·

215 2061 440 2144 stupui
483 2064 552 2127 et
593 2062 755 2134 mihi
807 2063 984 2129 visus
1039 2086 1183 2129 sum
1228 2066 1454 2149 eaptus
1509 2085 1665 2129 esse.
1757 2060 1923 2138 Quid
1970 2061 2130 2126 alios

212 2148 457 2234 putas?
529 2150 917 2217 elamoribus
982 2153 1229 2217 seilicet
1288 2153 1585 2217 maximis
1637 2151 1880 2216 iudices
1938 2150 2130 2214 corri-

211 2241 502 2321 puerunt
544 2242 612 2304 et
655 2241 1080 2306 ostenderunt
1122 2243 1315 2325 plane
1361 2262 1526 2326 esse,
1579 2239 1753 2326 quod
1796 2238 1953 2304 ferri
1996 2259 2133 2302 non

213 2330 465 2410 posset3
508 2327 727 2414 itaque
770 2329 1033 2394 relictus
1075 2330 1208 2415 legi
1252 2329 1537 2401 Liciniae
1563 2329 1805 2394 maiore
1841 2348 1979 2392 esse
2023 2348 2131 2428 pe-

212 2415 424 2481 riculo
477 2416 747 2483 videtur.
844 2417 1139 2483 Accessit
1181 2418 1334 2501 huo,
1397 2419 1569 2502 quod
1630 2416 1940 2502 postridie
1996 2416 2132 2480 eius

213 2503 692 2570 absolutionem
745 2506 818 2570 in
870 2507 1199 2574 theatrum
1253 2505 1551 2580 Curionis
1594 2505 1984 2572 Hortensius
2036 2504 2131 2568 in·

212 2592 421 2676 troiit,
453 2597 633 2677 puto,
665 2597 743 2658 ut
777 2616 966 2660 suum
993 2595 1301 2681 gaudium
1337 2596 1778 2681 gauderemus.
1849 2592 1975 2659 Hie
2011 2591 2133 2656 tibi

307 2726 633 2812 strepituS,
667 2727 983 2813 fremituS,
1001 2729 1263 2881 {timor
1297 2730 1658 2794 tonitruum
1694 2731 1762 2793 et
1786 2727 2132 2792 rudentum

964 2839 1017 2880 si
1064 2839 1085 2881 1
1112 2839 1207 2881 ιιε.

212 2945 362 3011 Hoe
426 2948 633 3033 magis
697 2948 1216 3014 animadversum
1280 2952 1404 3034 est,
1467 2948 1638 3032 quod
1701 2948 1986 3012 intactus
2049 2948 2131 3012 ab

214 3036 406 3100 sibilo
471 3040 855 3120 pervenerat
913 3035 1304 3104 Hortensius
1368 3038 1450 3102 ad
1523 3038 1948 3119 senectutem3
2020 3035 2132 3101 sed

212 3129 358 3189 tum
402 3128 538 3189 tam
581 3126 768 3211 bene,
810 3129 886 3190 ut
926 3126 1000 3191 in
1037 3129 1246 3192 totam
1292 3126 1492 3191 vitam
1530 3125 1731 3190 cuivis
1770 3125 1927 3190 satis
1964 3128 2134 3190 esset

357 3351 458 3422 Ep.
501 3360 550 3421 1,
578 3360 629 3409 4.
703 3355 1083 3422 empeneticam
1119 3353 1496 3423 (Turnebus)?
1541 3382 1608 3392 —
1665 3352 1916 3408 omnibus
1950 3353 2008 3405 vi

207 3422 383 3550 95ιί(ιίοῇ
397 3425 583 3550 vnettl}
647 3426 881 3496 ῒυίρεηε
914 3425 1046 3480 ΜΒ.
1118 3424 1393 3495 Ep.2,1.
1465 3421 1722 3480 Liciniae
1755 3424 1959 3478 maiore
2043 3355 2133 3486 θ.)
