2338 3691
640 148 1097 205 EPISTOLARU
1102 150 1158 204 M
1195 149 1287 204 VI.
1332 156 1551 204 14-17,
1930 144 2060 209 185

1017 399 1195 465 XVI.

452 511 568 567 Scr.
610 528 758 568 anno
794 512 1008 567 incerto
1047 513 1191 580 (710,
1227 514 1358 582 post
1392 511 1474 566 Id.
1510 510 1750 580 Maras).

593 634 1039 692 BITHYNICUS
1076 633 1420 690 CICERONI
1458 634 1609 690 SAL.

293 732 361 800 Si
402 736 566 800 mihi
617 740 833 801 tecum
885 756 1023 800 non
1067 739 1134 800 et
1177 736 1418 800 multae
1472 738 1539 799 et
1579 735 1788 799 iustae
1834 755 2067 800 causae

172 823 472 889 amicitiae
518 825 822 909 privatim
859 828 1091 909 essent,
1134 834 1491 909 repeterem
1525 823 1713 888 initia
1748 823 2066 888 amicitiae

171 932 238 975 cx
276 913 653 997 parentibus
697 913 954 997 nostris,
989 913 1174 997 ,quod
1216 911 1585 978 faciendum
1627 911 1708 976 iis
1753 912 2067 995 existimO,

171 1001 267 1083 qui
307 1005 650 1086 paternam
693 1002 1043 1067 amicitiam
1085 1001 1282 1067 nullis
1317 1001 1443 1086 ipsi
1478 1000 1708 1066 officiis
1742 1001 2069 1086 prosecuti

172 1093 329 1154 sunt:
373 1091 597 1176 itaque
641 1094 985 1157 contentus
1032 1112 1141 1156 ero
1187 1093 1413 1155 nostra
1445 1090 1734 1175 ipsorum
1770 1089 2070 1175 amicitia,

171 1178 333 1244 cuius
376 1179 618 1244 fiducia
661 1182 811 1264 peto
868 1203 908 1244 a
951 1183 1044 1265 te,
1100 1183 1177 1244 ut
1231 1179 1563 1244 absentem
1617 1199 1719 1243 me
1731 1229 1749 1263 ,
1811 1178 2069 1262 quibus-

172 1286 425 1352 cumque
470 1268 546 1332 in
590 1269 781 1333 rebus
828 1290 991 1353 opus
1036 1267 1250 1352 fuerit,
1294 1271 1533 1352 tueare,
1580 1267 1635 1330 si
1678 1266 1930 1331 nullum
1977 1267 2070 1332 of-

171 1354 368 1509 fxiglum
430 1360 621 1422 tuum
693 1356 865 1442 apud
937 1378 1039 1422 me
1101 1356 1654 1422 intermoriturum
1727 1355 2071 1420 existimas.

285 1466 318 1509 e

1009 1638 1221 1705 XVII.

465 1751 584 1806 Scr.
624 1767 768 1806 anno
806 1752 1019 1807 incerto
1058 1753 1211 1820 (710,
1246 1754 1377 1822 post
1412 1751 1493 1806 Id.
1529 1752 1771 1821 Maras).

756 1874 1015 1933 CICERO
1051 1875 1473 1932 BITHYNICO.

293 1975 509 2052 Quum
574 1979 931 2041 ceterarum
990 1998 1208 2041 rerum
1271 1998 1465 2041 causa
1527 1976 1715 2061 cupio
1770 1997 1908 2041 esse
1964 1976 2075 2040 ali·
2117 1990 2146 2038 1

179 2064 419 2145 quando
465 2086 609 2129 rem
651 2065 977 2150 publicam
1022 2064 1461 2149 constitutam,
1504 2068 1645 2129 tum
1680 2065 1873 2131 velim
1917 2064 2077 2128 mihi

179 2152 380 2218 credas
427 2153 732 2218 accedere
778 2154 990 2238 etiam,
1034 2154 1102 2218 id
1151 2175 1280 2238 quo
1328 2153 1538 2239 magis
1575 2156 1887 2238 expetam,
1930 2175 2077 2238 pro-

178 2240 429 2306 missum
473 2246 689 2327 tuum,
743 2263 871 2328 quo
926 2242 995 2306 in
1040 2242 1273 2307 litteris
1327 2243 1555 2326 uteris3
1609 2242 1833 2307 scribis
1889 2241 2078 2325 enim,

178 2328 226 2391 si
262 2329 355 2394 ita
384 2332 489 2413 sit,
532 2333 599 2395 te
635 2352 886 2395 mecum
923 2351 1061 2395 esse
1096 2330 1434 2395 victurum.
1504 2328 1886 2395 Gratissima
1920 2329 2080 2394 mihi
2115 2342 2148 2393 2

177 2418 279 2480 tua
321 2420 627 2484 voluntas
672 2422 798 2503 est,
853 2418 1141 2505 facisque
1187 2419 1352 2484 nihil
1397 2419 1679 2484 alienum
1733 2419 2081 2484 necessitu-

179 2502 312 2570 dine
356 2510 588 2572 nostra
622 2507 1000 2592 iudiciisque
1037 2508 1241 2592 patris
1278 2507 1375 2572 tui
1411 2507 1489 2572 de
1526 2529 1627 2572 me
1666 2508 1898 2572 summi
1934 2507 2082 2590 viri3

179 2610 319 2657 nam
362 2596 458 2660 sic
502 2595 761 2679 habeto,
803 2595 1265 2661 beneficiorum
1303 2595 1749 2682 magnitudine
1795 2616 1925 2679 eos,
1970 2595 2082 2679 qui

180 2682 564 2768 temporibus
591 2685 635 2763 †
662 2646 1005 2749 valuerunt
1048 2688 1124 2749 ut
1157 2684 1434 2769 valeant,
1481 2683 1952 2750 coniunctiores
1988 2686 2081 2747 te-

184 2789 315 2835 cum
350 2793 490 2838 esse
529 2794 725 2857 quam
759 2794 881 2857 me,
925 2772 1397 2838 necessitudine
1433 2774 1774 2838 neminem.
1847 2769 2081 2847 Quam-

185 2857 392 2925 obrem
437 2864 626 2946 grata
669 2861 831 2926 mihi
876 2864 978 2925 est
1022 2863 1087 2926 et
1132 2862 1441 2927 memoria
1482 2864 1598 2926 tua
1633 2863 1894 2926 nostrae
1932 2880 2082 2924 con·

186 2944 520 3014 iunctionis
566 2952 632 3014 et
676 2950 813 3015 eius
860 2950 1056 3014 etiam
1100 2950 1435 3037 augendae
1480 2950 1799 3016 voluntas.

315 3174 418 3244 Ep.
461 3182 542 3244 17,
570 3182 621 3231 2.
694 3177 1054 3242 ΐυαῑιιεναηι
1096 3182 1160 3231 ut
1203 3177 1424 3232 valeant
1471 3176 1591 3244 (Μ.,
1627 3175 1758 3243 W).
1829 3176 1936 3229 val.
1984 3178 2088 3229 aut

190 3218 631 3370 ἵεῖῑξὲιίέῦιαεν.)
672 3249 773 3302 aut
807 3252 907 3303 aut
940 3248 1049 3304 val.
1087 3252 1189 3303 aut
1222 3248 1406 3302 valent
1442 3246 1592 3316 (W.).
1657 3246 1796 3311 val„
1829 3248 1867 3312 †
1893 3250 1958 3299 ut
1990 3259 2084 3298 va-
