2338 3691
673 138 1190 195 EPISTOLARUM
1225 140 1319 195 v1.
1358 148 1406 195 9.
1446 147 1529 195 ιο.
1686 118 1690 122 ’
1931 138 2056 205 177

184 303 353 365 quam
413 287 509 348 est
560 306 835 369 aequum
890 287 956 349 et
1008 307 1204 370 quam
1258 306 1379 370 ego
1433 285 1689 370 vellem,
1743 284 2060 367 reciperas

181 370 480 436 fortunam
524 376 591 437 et
635 373 1019 458 dignitatem
1062 377 1262 457 tuam,
1306 373 1467 437 mihi
1501 395 1638 439 non
1672 372 1909 437 minori
1954 393 2061 436 cu·

180 480 273 523 rae
315 464 422 544 est,
467 483 662 545 quam
704 461 825 526 tibi
871 483 1121 545 semper
1164 461 1430 526 fuerunt
1475 483 1661 526 casus
1705 460 1850 526 mei.
1930 459 2060 527 Ita·

180 569 284 631 que
326 552 389 612 et
420 548 884 615 Postumuleno
938 551 1007 612 et
1064 548 1275 615 Sestio
1321 553 1388 614 et
1432 550 1801 634 saepissime
1837 548 2059 615 Attico

177 639 377 701 nostro
421 640 836 722 proximeque
880 638 1203 723 Theudae,
1247 638 1479 703 liberto
1524 642 1659 723 tue,
1700 641 1914 703 totum
1958 658 2061 703 me

175 725 427 807 patefeci
472 730 540 791 et
590 726 716 791 hoe
759 727 840 792 iis
886 727 1159 813 singulis
1215 748 1405 811 saepe
1452 726 1608 812 dixi,
1662 747 2063 811 quacumque

175 833 233 875 re
280 836 563 900 possem,
625 837 727 880 me
780 816 902 880 tibi
956 820 1022 879 et
1074 816 1295 880 liberis
1347 815 1479 879 tuis
1534 814 1902 880 satisfacere
1958 837 2062 880 cu-

174 922 332 986 pere,
375 903 567 988 idque
611 908 686 969 tu
731 904 814 969 ad
858 907 1005 969 tuos
1049 904 1244 970 velim
1288 904 1531 968 scribas
1539 954 1557 989 ,
1601 903 1763 968 haec
1806 903 2065 989 quidem

175 994 344 1075 certe,
388 1013 552 1075 quae
605 993 677 1057 in
734 995 1054 1076 potestate
1098 1014 1245 1057 mea
1289 995 1459 1077 sunt,
1502 995 1578 1057 ut
1618 1014 1880 1077 operam
1916 1013 2064 1058 con·

175 1078 394 1164 silium,
446 1103 587 1146 rem
639 1081 831 1146 fidem
884 1103 1096 1146 meam
1149 1082 1274 1146 sibi
1319 1081 1401 1145 ad
1456 1103 1680 1146 omnes
1731 1103 1835 1146 res
1881 1103 2065 1166 para-

173 1169 294 1231 tam
333 1172 585 1254 putent.
676 1168 746 1235 Si
798 1170 1182 1235 auctoritate
1237 1173 1302 1235 et
1354 1172 1567 1256 gratia
1619 1173 1877 1235 tantum
1921 1192 2065 1254 pos·
2104 1190 2137 1240 2

174 1275 310 1340 sem,
353 1261 672 1341 quantum
713 1259 787 1323 in
831 1280 908 1324 ea
951 1280 1020 1323 re
1064 1259 1341 1344 publica,
1386 1258 1466 1323 de
1511 1281 1639 1343 qua
1672 1259 1768 1323 ita
1802 1258 2067 1323 meritus

175 1364 319 1429 sum,
360 1369 555 1430 posse
601 1348 916 1432 deberem,
957 1351 1034 1411 tu
1079 1369 1333 1433 quoque
1376 1348 1434 1412 is
1480 1369 1671 1429 esses,
1715 1347 1825 1432 qui
1868 1347 2070 1431 fuisti,

174 1453 353 1515 quum
382 1436 562 1500 omni
589 1436 794 1521 gradu
824 1436 1219 1520 amplissimo
1249 1436 1685 1521 dignissimus,
1719 1438 1862 1500 tum
1899 1438 2068 1499 certe

175 1522 399 1589 ordinis
462 1525 565 1588 tui
626 1525 816 1590 facile
874 1525 1201 1609 princeps;
1274 1524 1412 1610 sed,
1476 1525 1782 1610 quoniam
1845 1523 2069 1589 eodem

175 1611 444 1695 tempore
493 1613 843 1697 eademque
889 1613 966 1677 de
1013 1634 1208 1678 causa
1250 1618 1546 1678 nostrum
1598 1616 1867 1698 uterque
1913 1613 2070 1677 ceci-

177 1696 282 1783 dit,
325 1701 446 1766 tibi
493 1704 563 1765 et
603 1702 719 1766 illa
762 1702 1095 1786 polliceor,
1148 1723 1313 1786 quae
1360 1723 1555 1786 supra
1600 1703 1853 1786 scripsi,
1907 1723 2069 1785 quae

178 1792 312 1852 sunt
356 1789 572 1855 adhuc
615 1811 777 1876 mea,
822 1793 889 1857 et
933 1812 1027 1876 ea,
1071 1812 1236 1876 quae
1280 1794 1613 1875 praeterea
1646 1790 1869 1857 videor
1913 1791 2071 1855 mihi

179 1895 244 1940 ex
285 1879 503 1963 aliqua
547 1884 730 1963 parte
773 1880 1049 1944 retinere
1093 1883 1428 1964 tamquam
1486 1902 1565 1945 ex
1613 1881 1899 1965 reliquiis
1944 1882 2071 1964 pri-

178 1965 366 2032 stinae
403 1968 770 2053 dignitatis:
815 1990 1023 2052 neque
1061 1970 1235 2034 enim
1271 1970 1409 2053 ipse
1446 1967 1700 2053 Caesar,
1742 1973 1817 2033 ut
1852 1969 2072 2032 multis

176 2052 349 2119 robiis
386 2057 753 2143 intelligere
785 2059 987 2141 potui,
1026 2061 1127 2123 est
1161 2058 1408 2122 alienus
1446 2079 1485 2120 a
1519 2056 1708 2122 nobis
1746 2060 1811 2121 et
1849 2078 2072 2122 omnes

177 2140 297 2207 fere
338 2144 830 2211 familiarissimi
883 2147 1019 2211 eius
1075 2167 1227 2211 casu
1273 2146 1554 2211 devincti
1606 2147 1862 2231 magnis
1914 2145 2074 2210 meis

177 2233 486 2299 veteribus
535 2234 764 2299 officiis
808 2257 910 2299 me
957 2235 1299 2320 diligenter
1335 2234 1681 2300 observant
1725 2238 1793 2299 et
1836 2236 2076 2299 colunt.

176 2316 408 2407 Paxque,
446 2322 505 2386 si
532 2323 642 2406 qui
676 2323 837 2387 mihi
865 2323 988 2388 erit
1014 2323 1226 2389 aditus
1263 2323 1341 2388 de
1376 2324 1507 2388 tuis
1543 2323 1841 2407 fortunis,
1874 2322 1943 2386 id
1979 2326 2077 2386 est

180 2406 248 2471 de
272 2412 387 2474 tua
411 2411 877 2496 incolumitate,
911 2412 983 2476 in
1010 2434 1138 2496 qua
1164 2414 1318 2477 sunt
1345 2412 1579 2496 omnia,
1616 2411 1867 2496 agendi,
1905 2410 2077 2495 quod

179 2497 424 2579 quidem
463 2500 748 2584 quotidie
793 2501 1003 2587 magis
1049 2522 1126 2565 ex
1172 2523 1395 2567 eorum
1431 2501 1834 2566 sermonibus
1880 2499 2074 2564 addu-

181 2605 280 2649 cor
314 2591 389 2652 ut
424 2610 695 2673 sperem,
731 2611 924 2674 agam
957 2611 1074 2674 per
1098 2611 1202 2654 me
1229 2591 1368 2674 ipse
1405 2593 1471 2654 et
1496 2589 1742 2654 moliar.
1806 2587 2078 2673 Singula
2114 2606 2146 2655 3

179 2677 466 2761 persequi
485 2699 621 2742 non
648 2682 748 2743 est
764 2700 1050 2743 necesse:
1078 2679 1450 2743 universum
1477 2677 1759 2742 studium
1778 2698 1994 2741 meum
2014 2678 2080 2740 et

181 2761 688 2830 benevolentiam
716 2766 799 2830 ad
823 2771 890 2832 te
917 2767 1155 2832 defero.
1218 2765 1342 2832 Sed
1379 2766 1603 2851 magni
1638 2787 1784 2830 mea
1809 2766 2081 2830 interest

181 2847 295 2918 hoc
320 2857 471 2920 tuos
501 2876 726 2920 omnes
753 2856 933 2941 scire,
971 2856 1142 2940 quod
1169 2856 1300 2920 tuis
1335 2855 1736 2920 litteris‘fieri
1763 2856 1979 2938 potest
2005 2855 2081 2917 ut

182 2936 561 3028 intelligant,
589 2944 807 3009 omnia
832 2942 1159 3010 Ciceronis
1187 2948 1408 3030 patere
1436 2943 1776 3008 Trebiano.
1830 2941 1974 3007 Hoc
2002 2963 2078 3006 eo

184 3031 472 3117 pertinet,
513 3035 590 3097 ut
622 3032 786 3098 nihil
823 3033 1194 3098 existiment
1229 3053 1367 3098 esse
1411 3035 1546 3096 tam
1586 3030 1863 3115 difficile,
1907 3030 2081 3115 quod

185 3135 309 3182 non
350 3141 471 3206 pro
513 3123 580 3185 te
625 3120 784 3186 mihi
829 3126 1198 3206 susceptum
1241 3120 1591 3186 iucundum
1646 3120 1730 3185 sit
1772 3119 2080 3185 futurum.

316 3274 419 3346 Ep.
461 3283 540 3333 10.
574 3285 620 3332 1.
694 3284 743 3332 et
777 3280 874 3333 hoc
901 3276 1195 3347 (Mart-L.)
1232 3278 1305 3331 iis
1334 3277 1525 3344 (Ern.).
1597 3281 1648 3330 et
1684 3276 1814 3330 haec
1838 3276 1923 3330 his
1948 3273 2077 3327 ΜΒ.

189 3348 233 3397 2.
260 3362 419 3414 posse
444 3349 692 3404 debebam
713 3349 886 3419 (W.)·?
916 3379 983 3390 --
1012 3351 1128 3403 eius
1145 3363 1279 3402 casu
1297 3347 1409 3401 dev.
1430 3339 1542 3414 (M,
1562 3347 1771 3416 vulgo).
1828 3362 1868 3398 e.
1900 3342 2078 3414 [casu]

188 3414 236 3468 d.
270 3415 593 3488 Heumann„
631 3420 693 3474 B.
776 3425 825 3474 3.
880 3421 1186 3475 iucundum
1221 3433 1426 3485 semper
1452 3432 1519 3470 ac
1559 3421 1779 3484 aratum
1821 3415 1895 3467 sit
1930 3413 2081 3478 futu·

188 3499 303 3540 rum
339 3488 505 3561 (W.)‘?
575 3492 876 3546 maximum
909 3506 1115 3560 semper
1151 3503 1218 3542 ac
1252 3487 1364 3556 pal.
1404 3486 1571 3541 Taur.

289 3574 509 3622 Oioeroni·
537 3581 666 3631 opi-t.
690 3582 727 3620 L
1593 3576 1657 3623 12
