2338 3691
699 154 1218 210 EPISTOLARUM
1254 155 1402 210 XIII.
1441 162 1669 211 41-43,
2007 156 2141 221 455

219 301 360 366 fore
369 350 387 384 ,
442 322 668 384 quum,
730 304 806 364 ut
859 322 1074 385 spero,
1138 322 1301 384 quae
1354 301 1680 385 pollicitus
1726 322 1823 385 es,
1882 301 2138 366 feceris!

223 388 503 454 Omnino
552 389 977 454 ostenderunt
1012 388 1416 455 Bullidenses
1456 412 1594 456 sese
1631 389 1905 455 Lucceio
1950 388 2140 455 Pom-

221 478 351 563 peii
406 478 723 542 arbitratu
779 478 1256 563 satisfacturos3
1322 478 1433 544 sed
1499 478 1911 544 vehementer
1976 500 2140 564 opus
2178 490 2212 539 2

222 570 323 631 est
375 567 583 632 nobis*
628 570 694 631 et
755 567 1158 632 voluntatem
1213 571 1279 633 et
1333 568 1784 633 auctoritatem
1830 571 1897 633 et
1939 567 2140 651 impe-

220 657 390 721 rium
435 660 620 720 tuum
663 656 979 740 accedere,
1026 657 1197 741 quod
1238 659 1313 720 ut
1347 656 1568 740 faciaS,
1611 660 1676 720 te
1714 656 1909 721 etiam
1948 659 2140 740 atque

223 745 421 809 etiam
464 765 644 830 rogo.
733 744 1029 829 Illudque
1083 745 1243 808 mihi
1299 746 1736 830 gratissimum
1791 749 1916 827 est,
1970 744 2141 828 quod

221 834 317 898 ita
364 834 577 898 sciunt
613 833 869 899 Lucceii
913 838 1362 918 procuratores
1410 838 1476 899 et
1518 835 1613 900 ita
1649 833 1957 899 Lucceius
2003 834 2141 918 ipse

223 943 303 986 ex
347 922 580 987 litteris
623 923 774 1006 tuis,
821 944 980 1006 quas
1028 922 1110 987 ad
1156 945 1303 988 eum
1348 922 1607 1008 misisti,
1649 923 1984 1007 intellexit,
2028 921 2142 987 ho-

222 1010 418 1075 minis
463 1011 705 1075 nullius
751 1012 923 1095 apud
968 1014 1035 1075 te
1081 1012 1532 1077 auctoritatem
1569 1014 1683 1076 aut
1719 1012 1996 1096 gratiam
2033 1033 2142 1075 va-

221 1100 355 1163 lere
399 1100 546 1184 plus
594 1122 787 1185 quam
831 1121 1068 1164 meam:
1122 1101 1192 1165 id
1236 1104 1312 1166 ut
1356 1122 1425 1165 re
1472 1100 1866 1185 experiatur,
1908 1101 2145 1164 iterum

225 1192 292 1251 et
335 1188 590 1272 saepius
640 1194 705 1252 te
750 1210 930 1274 rogo.

1059 1382 1297 1449 XLIII.

813 1495 927 1551 Sor.
955 1495 1165 1550 Romae
1195 1513 1244 1549 a.
1275 1515 1327 1550 u.
1354 1512 1400 1550 c.
1430 1503 1550 1552 699.

759 1619 833 1673 M.
891 1619 1148 1675 CICERO
1205 1620 1271 1674 R.
1329 1618 1613 1675 GALLIO.

362 1716 508 1782 Etsi
560 1719 854 1803 plurimis
917 1719 1110 1784 rebus
1166 1742 1354 1805 spero
1418 1721 1558 1786 fore
1617 1723 1692 1784 ut
1743 1717 2147 1821 perspiciam,
2187 1729 2216 1779 1

227 1806 403 1891 quod
459 1810 679 1873 tamen
732 1808 1113 1893 iampridem
1163 1808 1512 1896 perspicio,
1573 1830 1676 1874 me
1731 1831 1772 1875 a
1815 1812 1880 1875 te
1926 1807 2148 1891 amari,

226 1899 451 1960 tamen
494 1917 670 1961 nunc
716 1919 791 1962 ea
837 1919 1032 1963 causa
1074 1898 1197 1963 tibi
1242 1899 1457 1984 datur,
1509 1899 1580 1963 in
1634 1920 1762 1983 qua
1805 1898 1995 1963 facile
2041 1898 2147 1962 de-

228 1985 474 2049 clarare
519 1986 728 2069 possis
774 1991 954 2051 tuam
1001 2007 1157 2072 erga
1192 2009 1293 2051 me
1331 1987 1873 2053 benevolentiam.
1919 1986 1992 2051 L.
2019 1984 2148 2069 Op-

227 2073 376 2157 pius
421 2072 509 2139 M.
554 2074 598 2137 f.
643 2072 1011 2140 Philomelii
1063 2076 1462 2161 negotiatur,
1513 2075 1709 2141 homo
1756 2075 1917 2140 mihi
1960 2075 2146 2139 fami-

226 2161 436 2246 liaris3
482 2184 627 2226 eum
663 2163 785 2227 tibi
821 2164 1007 2230 unice
1045 2165 1425 2229 commendo
1463 2186 1663 2248 eoque
1700 2165 1926 2249 magis,
1974 2162 2147 2247 quod

232 2272 431 2332 quum
474 2251 687 2334 ipsum
734 2252 961 2338 diligo,
1012 2256 1153 2317 tum
1200 2253 1372 2337 quod
1416 2254 1681 2339 negotia
1723 2255 2029 2337 procurat
2074 2250 2146 2315 L.

230 2336 500 2421 Egnatii
544 2339 713 2424 Rufi,
758 2362 885 2424 quo
932 2362 1054 2427 ego
1100 2362 1233 2407 uno
1282 2341 1494 2425 equite
1529 2340 1828 2406 Romano
1871 2339 2147 2404 familia-

229 2425 482 2491 rissime
528 2431 677 2492 utor
723 2432 789 2494 et
842 2430 953 2513 qui
996 2450 1189 2513 quum
1234 2430 1696 2495 consuetudine
1752 2428 2147 2514 quotidiana,

228 2518 373 2578 tum
428 2514 656 2581 officiis
712 2518 1007 2602 plurimis
1070 2519 1492 2604 maximisque
1544 2518 1704 2583 1111111
1763 2518 2150 2583 coniunctus

230 2606 349 2668 est.
440 2602 722 2689 Oppium
765 2607 967 2691 igitur
1009 2611 1418 2690 praesentem
1462 2610 1538 2671 ut
1582 2607 1833 2692 diligas,
1877 2604 2147 2708 Egnatii
2180 2613 2217 2661 2

231 2692 520 2757 absentis
565 2716 702 2758 rem
745 2699 829 2759 ut
864 2698 1105 2780 tueare,
1150 2717 1351 2780 aeque
1399 2718 1438 2761 a
1481 2697 1548 2759 te
1584 2700 1754 2779 peto,
1800 2716 1875 2759 ac
1913 2695 1967 2758 si
2002 2714 2148 2757 mea

229 2782 498 2865 negotia
560 2786 792 2848 essent.
882 2783 1096 2849 Velim
1160 2784 1506 2850 memoriae
1569 2786 1721 2848 tuae
1785 2803 1979 2848 causa
2034 2782 2146 2845 des

227 2869 594 2934 litterarum
639 2871 899 2955 aliquid,
944 2893 1109 2956 quae
1144 2873 1266 2937 tibi
1300 2873 1372 2937 in
1406 2872 1739 2957 provincia
1776 2871 2148 2953 reddantur,

229 2958 346 3021 sed
389 2958 484 3022 ita
528 2961 923 3044 conscribas,
975 2964 1051 3026 ut
1092 2964 1235 3025 tum
1242 3011 1260 3045 ,
1307 2983 1503 3046 quum
1550 2982 1657 3025 eas
1701 2961 1906 3045 leges,
1957 2959 2147 3023 facile

226 3048 553 3111 recordari
589 3049 800 3132 possis
834 3049 1027 3113 huius
1055 3071 1236 3113 meae
1274 3048 1850 3115 commendationis
1879 3047 2147 3133 diligen-

227 3134 416 3199 tiam:
462 3134 585 3201 hoc
629 3140 695 3201 te
741 3137 1155 3201 vehementer
1202 3139 1396 3202 etiam
1442 3141 1634 3221 atque
1682 3136 1879 3202 etiam
1921 3157 2105 3221 rogo,

371 3362 476 3433 Ep.
514 3370 601 3432 42,
632 3372 679 3419 1
733 3365 1082 3421 Bullidenses
1118 3365 1263 3432 (cdd.
1301 3364 1505 3503 Regzg.
1427 3367 1520 3434 g..)
1593 3362 1883 3418 Bulliones
1917 3317 2048 3414 MB.
2078 3388 2146 3399 -

225 3434 506 3501 fastra-os,-
540 3436 634 3490 sed
670 3436 821 3504 (Wm)
894 3436 935 3503 f.
994 3436 1102 3491 Sed
1136 3435 1310 3505 vulgo
1544 3437 1964 3498 43‚1.tamen
1998 3441 2150 3482 nume

225 3522 296 3561 ea
330 3504 474 3574 (odd.
513 3508 692 3576 vett..)
766 3512 948 3562 tamen
980 3502 1120 3562 mea·
1134 3506 1210 3559 M.
1283 3510 1320 3559 t.
1359 3521 1424 3559 ea
1451 3453 1546 3562 V.
1582 3476 1644 3557 B’.
