<?xml version="1.0" encoding="UTF-8"?>
<!DOCTYPE html PUBLIC "-//W3C//DTD XHTML 1.0 Transitional//EN"
    "http://www.w3.org/TR/xhtml1/DTD/xhtml1-transitional.dtd">
<html xmlns="http://www.w3.org/1999/xhtml" xml:lang="en" lang="en">
 <head>
  <title>
</title>
<meta http-equiv="Content-Type" content="text/html;charset=utf-8" />
  <meta name='ocr-system' content='tesseract 3.04.00' />
  <meta name='ocr-capabilities' content='ocr_page ocr_carea ocr_par ocr_line ocrx_word'/>
</head>
<body>
  <div class='ocr_page' id='page_1' title='image "./scriptaquaemans02wesegoog_0675.png"; bbox 0 0 2338 3691; ppageno 0'>
   <div class='ocr_carea' id='block_1_1' title="bbox 226 83 2147 193">
    <p class='ocr_par' dir='ltr' id='par_1_1' title="bbox 226 83 2147 193">
     <span class='ocr_line' id='line_1_1' title="bbox 226 83 2147 193; baseline -0.001 -6"><span class='ocrx_word' id='word_1_1' title='bbox 226 131 326 187; x_wconf 80' lang='lat' dir='ltr'><strong>DE</strong></span> <span class='ocrx_word' id='word_1_2' title='bbox 356 114 757 186; x_wconf 76' lang='grc' dir='ltr'>ΡΕΤΙΤῙΟΝΕ</span> <span class='ocrx_word' id='word_1_3' title='bbox 785 126 1086 184; x_wconf 68' lang='lat' dir='ltr'><strong>conset.</strong></span> <span class='ocrx_word' id='word_1_4' title='bbox 1113 127 1214 182; x_wconf 79' lang='lat' dir='ltr'><strong>An</strong></span> <span class='ocrx_word' id='word_1_5' title='bbox 1242 122 1320 181; x_wconf 86' lang='lat' dir='ltr'><strong>M.</strong></span> <span class='ocrx_word' id='word_1_6' title='bbox 1349 121 1708 184; x_wconf 75' lang='lat' dir='ltr'><strong>FRATREM</strong></span> <span class='ocrx_word' id='word_1_7' title='bbox 1726 83 1952 185; x_wconf 45' lang='lat'><strong>3&#39;7-43.</strong></span> <span class='ocrx_word' id='word_1_8' title='bbox 2016 128 2147 193; x_wconf 82' lang='lat'><strong>657</strong></span> 
     </span>
    </p>
   </div>
   <div class='ocr_carea' id='block_1_2' title="bbox 184 274 2238 1412">
    <p class='ocr_par' dir='ltr' id='par_1_2' title="bbox 184 274 2238 1412">
     <span class='ocr_line' id='line_1_2' title="bbox 228 274 2146 360; baseline -0.002 -18"><span class='ocrx_word' id='word_1_9' title='bbox 228 276 503 360; x_wconf 86' lang='lat' dir='ltr'><strong>laesisti,</strong></span> <span class='ocrx_word' id='word_1_10' title='bbox 568 297 767 360; x_wconf 89' lang='lat' dir='ltr'><strong>quum</strong></span> <span class='ocrx_word' id='word_1_11' title='bbox 829 278 1057 338; x_wconf 87' lang='lat' dir='ltr'><strong>contra</strong></span> <span class='ocrx_word' id='word_1_12' title='bbox 1118 295 1229 338; x_wconf 91' lang='lat' dir='ltr'><strong>eos</strong></span> <span class='ocrx_word' id='word_1_13' title='bbox 1293 294 1412 357; x_wconf 91' lang='lat' dir='ltr'><strong>pro</strong></span> <span class='ocrx_word' id='word_1_14' title='bbox 1469 275 1675 340; x_wconf 88' lang='lat' dir='ltr'><strong>amico</strong></span> <span class='ocrx_word' id='word_1_15' title='bbox 1735 274 1975 340; x_wconf 89' lang='lat' dir='ltr'><strong>diceres</strong></span> <span class='ocrx_word' id='word_1_16' title='bbox 1983 325 2002 358; x_wconf 94' lang='lat'><strong>,</strong></span> <span class='ocrx_word' id='word_1_17' title='bbox 2063 275 2146 339; x_wconf 87' lang='lat' dir='ltr'><strong>iis</strong></span> 
     </span>
     <span class='ocr_line' id='line_1_3' title="bbox 184 362 2148 452; baseline -0.002 -22"><span class='ocrx_word' id='word_1_18' title='bbox 184 442 190 452; x_wconf 21' lang='grc' dir='ltr'>ἱ</span> <span class='ocrx_word' id='word_1_19' title='bbox 228 369 297 431; x_wconf 88' lang='lat' dir='ltr'><strong>te</strong></span> <span class='ocrx_word' id='word_1_20' title='bbox 343 366 535 449; x_wconf 89' lang='lat' dir='ltr'><strong>plane</strong></span> <span class='ocrx_word' id='word_1_21' title='bbox 579 365 858 448; x_wconf 84' lang='lat' dir='ltr'><strong>purgato</strong></span> <span class='ocrx_word' id='word_1_22' title='bbox 868 413 886 446; x_wconf 93' lang='lat'><strong>,</strong></span> <span class='ocrx_word' id='word_1_23' title='bbox 938 362 1445 427; x_wconf 74' lang='lat' dir='ltr'><strong>necessitudines</strong></span> <span class='ocrx_word' id='word_1_24' title='bbox 1491 367 2017 445; x_wconf 89' lang='lat' dir='ltr'><strong>commemorato,</strong></span> <span class='ocrx_word' id='word_1_25' title='bbox 2074 364 2148 427; x_wconf 92' lang='lat' dir='ltr'><strong>in</strong></span> 
     </span>
     <span class='ocr_line' id='line_1_4' title="bbox 226 451 2146 538; baseline -0.002 -20"><span class='ocrx_word' id='word_1_26' title='bbox 226 465 414 538; x_wconf 71' lang='lat' dir='ltr'><strong>&#39;spem</strong></span> <span class='ocrx_word' id='word_1_27' title='bbox 461 451 788 534; x_wconf 74' lang='lat' dir='ltr'><strong>adducito,</strong></span> <span class='ocrx_word' id='word_1_28' title='bbox 832 453 898 515; x_wconf 93' lang='lat' dir='ltr'><strong>te</strong></span> <span class='ocrx_word' id='word_1_29' title='bbox 942 451 1015 514; x_wconf 93' lang='lat' dir='ltr'><strong>in</strong></span> <span class='ocrx_word' id='word_1_30' title='bbox 1059 472 1283 516; x_wconf 89' lang='lat' dir='ltr'><strong>eorum</strong></span> <span class='ocrx_word' id='word_1_31' title='bbox 1325 451 1546 533; x_wconf 88' lang='lat' dir='ltr'><strong>rebus,</strong></span> <span class='ocrx_word' id='word_1_32' title='bbox 1602 451 1656 515; x_wconf 88' lang='lat' dir='ltr'><strong>si</strong></span> <span class='ocrx_word' id='word_1_33' title='bbox 1701 472 1770 515; x_wconf 90' lang='lat' dir='ltr'><strong>se</strong></span> <span class='ocrx_word' id='word_1_34' title='bbox 1814 452 1887 516; x_wconf 92' lang='lat' dir='ltr'><strong>in</strong></span> <span class='ocrx_word' id='word_1_35' title='bbox 1931 452 2146 515; x_wconf 86' lang='lat' dir='ltr'><strong>amici·</strong></span> 
     </span>
     <span class='ocr_line' id='line_1_5' title="bbox 228 539 2144 624; baseline -0.002 -18"><span class='ocrx_word' id='word_1_36' title='bbox 228 543 392 606; x_wconf 90' lang='lat' dir='ltr'><strong>tiam</strong></span> <span class='ocrx_word' id='word_1_37' title='bbox 455 546 630 605; x_wconf 82' lang='lat' dir='ltr'><strong>tuam</strong></span> <span class='ocrx_word' id='word_1_38' title='bbox 694 540 1116 622; x_wconf 89' lang='lat' dir='ltr'><strong>contulerint,</strong></span> <span class='ocrx_word' id='word_1_39' title='bbox 1186 539 1330 622; x_wconf 87' lang='lat' dir='ltr'><strong>pari</strong></span> <span class='ocrx_word' id='word_1_40' title='bbox 1393 539 1605 603; x_wconf 90' lang='lat' dir='ltr'><strong>studio</strong></span> <span class='ocrx_word' id='word_1_41' title='bbox 1672 542 1865 624; x_wconf 89' lang='lat' dir='ltr'><strong>atque</strong></span> <span class='ocrx_word' id='word_1_42' title='bbox 1930 539 2144 604; x_wconf 87' lang='lat' dir='ltr'><strong>officio</strong></span> 
     </span>
     <span class='ocr_line' id='line_1_6' title="bbox 229 626 2147 711; baseline -0.002 -17"><span class='ocrx_word' id='word_1_43' title='bbox 229 630 540 694; x_wconf 84' lang='lat' dir='ltr'><strong>futurum.</strong></span> <span class='ocrx_word' id='word_1_44' title='bbox 614 626 738 703; x_wconf 84' lang='lat' dir='ltr'><strong>Qui</strong></span> <span class='ocrx_word' id='word_1_45' title='bbox 782 628 921 692; x_wconf 90' lang='lat' dir='ltr'><strong>sine</strong></span> <span class='ocrx_word' id='word_1_46' title='bbox 958 649 1154 692; x_wconf 90' lang='lat' dir='ltr'><strong>causa</strong></span> <span class='ocrx_word' id='word_1_47' title='bbox 1188 648 1324 691; x_wconf 92' lang='lat' dir='ltr'><strong>non</strong></span> <span class='ocrx_word' id='word_1_48' title='bbox 1361 630 1600 711; x_wconf 88' lang='lat' dir='ltr'><strong>amant,</strong></span> <span class='ocrx_word' id='word_1_49' title='bbox 1646 648 1756 692; x_wconf 91' lang='lat' dir='ltr'><strong>eos</strong></span> <span class='ocrx_word' id='word_1_50' title='bbox 1798 630 1913 692; x_wconf 88' lang='lat' dir='ltr'><strong>aut</strong></span> <span class='ocrx_word' id='word_1_51' title='bbox 1954 629 2147 692; x_wconf 89' lang='lat' dir='ltr'><strong>bene·</strong></span> 
     </span>
     <span class='ocr_line' id='line_1_7' title="bbox 229 715 2145 801; baseline -0.001 -19"><span class='ocrx_word' id='word_1_52' title='bbox 229 718 381 783; x_wconf 87' lang='lat' dir='ltr'><strong>ficio</strong></span> <span class='ocrx_word' id='word_1_53' title='bbox 427 720 541 781; x_wconf 89' lang='lat' dir='ltr'><strong>aut</strong></span> <span class='ocrx_word' id='word_1_54' title='bbox 585 738 699 800; x_wconf 90' lang='lat' dir='ltr'><strong>spe</strong></span> <span class='ocrx_word' id='word_1_55' title='bbox 745 718 860 780; x_wconf 89' lang='lat' dir='ltr'><strong>aut</strong></span> <span class='ocrx_word' id='word_1_56' title='bbox 904 715 1330 801; x_wconf 85' lang='lat' dir='ltr'><strong>significando</strong></span> <span class='ocrx_word' id='word_1_57' title='bbox 1376 719 1491 780; x_wconf 92' lang='lat' dir='ltr'><strong>tuo</strong></span> <span class='ocrx_word' id='word_1_58' title='bbox 1518 736 1694 800; x_wconf 86' lang='lat' dir='ltr'><strong>erga</strong></span> <span class='ocrx_word' id='word_1_59' title='bbox 1737 716 1885 780; x_wconf 92' lang='lat' dir='ltr'><strong>illos</strong></span> <span class='ocrx_word' id='word_1_60' title='bbox 1932 715 2145 781; x_wconf 90' lang='lat' dir='ltr'><strong>studio</strong></span> 
     </span>
     <span class='ocr_line' id='line_1_8' title="bbox 231 803 2147 896; baseline -0.002 -26"><span class='ocrx_word' id='word_1_61' title='bbox 231 807 388 871; x_wconf 86' lang='lat' dir='ltr'><strong>dato</strong></span> <span class='ocrx_word' id='word_1_62' title='bbox 453 826 714 896; x_wconf 86' lang='lat' dir='ltr'><strong>operam</strong></span> <span class='ocrx_word' id='word_1_63' title='bbox 774 807 851 869; x_wconf 93' lang='lat' dir='ltr'><strong>ut</strong></span> <span class='ocrx_word' id='word_1_64' title='bbox 912 803 990 868; x_wconf 93' lang='lat' dir='ltr'><strong>de</strong></span> <span class='ocrx_word' id='word_1_65' title='bbox 1052 803 1167 869; x_wconf 90' lang='lat' dir='ltr'><strong>illa</strong></span> <span class='ocrx_word' id='word_1_66' title='bbox 1226 803 1426 867; x_wconf 90' lang='lat' dir='ltr'><strong>animi</strong></span> <span class='ocrx_word' id='word_1_67' title='bbox 1478 804 1797 887; x_wconf 77' lang='lat' dir='ltr'><strong>pravitate</strong></span> <span class='ocrx_word' id='word_1_68' title='bbox 1852 804 2147 868; x_wconf 83' lang='lat' dir='ltr'><strong>deducas.</strong></span> 
     </span>
     <span class='ocr_line' id='line_1_9' title="bbox 233 892 2147 977; baseline -0.001 -18"><span class='ocrx_word' id='word_1_69' title='bbox 233 893 524 970; x_wconf 85' lang='lat' dir='ltr'><strong>Quorum</strong></span> <span class='ocrx_word' id='word_1_70' title='bbox 585 894 886 957; x_wconf 84' lang='lat' dir='ltr'><strong>voluntas</strong></span> <span class='ocrx_word' id='word_1_71' title='bbox 950 892 1075 957; x_wconf 89' lang='lat' dir='ltr'><strong>erit</strong></span> <span class='ocrx_word' id='word_1_72' title='bbox 1135 892 1252 957; x_wconf 90' lang='lat' dir='ltr'><strong>abs</strong></span> <span class='ocrx_word' id='word_1_73' title='bbox 1314 894 1381 955; x_wconf 91' lang='lat' dir='ltr'><strong>te</strong></span> <span class='ocrx_word' id='word_1_74' title='bbox 1443 896 1708 976; x_wconf 90' lang='lat' dir='ltr'><strong>propter</strong></span> <span class='ocrx_word' id='word_1_75' title='bbox 1770 894 2147 977; x_wconf 87' lang='lat' dir='ltr'><strong>competito-</strong></span> 
     </span>
     <span class='ocr_line' id='line_1_10' title="bbox 232 980 2146 1082; baseline -0.001 -35"><span class='ocrx_word' id='word_1_76' title='bbox 232 1005 379 1047; x_wconf 85' lang='lat' dir='ltr'><strong>rum</strong></span> <span class='ocrx_word' id='word_1_77' title='bbox 425 982 739 1046; x_wconf 84' lang='lat' dir='ltr'><strong>amicitias</strong></span> <span class='ocrx_word' id='word_1_78' title='bbox 785 982 1082 1064; x_wconf 88' lang='lat' dir='ltr'><strong>alienior,</strong></span> <span class='ocrx_word' id='word_1_79' title='bbox 1133 980 1215 1045; x_wconf 91' lang='lat' dir='ltr'><strong>iis</strong></span> <span class='ocrx_word' id='word_1_80' title='bbox 1270 1001 1524 1082; x_wconf 36' lang='lat' dir='ltr'><strong>quo-que</strong></span> <span class='ocrx_word' id='word_1_81' title='bbox 1570 980 1794 1044; x_wconf 90' lang='lat' dir='ltr'><strong>eadem</strong></span> <span class='ocrx_word' id='word_1_82' title='bbox 1836 981 2146 1045; x_wconf 85' lang='lat' dir='ltr'><strong>inservito</strong></span> 
     </span>
     <span class='ocr_line' id='line_1_11' title="bbox 232 1068 2149 1155; baseline -0.001 -20"><span class='ocrx_word' id='word_1_83' title='bbox 232 1072 504 1155; x_wconf 90' lang='lat' dir='ltr'><strong>ratione,</strong></span> <span class='ocrx_word' id='word_1_84' title='bbox 549 1091 678 1154; x_wconf 87' lang='lat' dir='ltr'><strong>qua</strong></span> <span class='ocrx_word' id='word_1_85' title='bbox 722 1069 1179 1153; x_wconf 79' lang='lat' dir='ltr'><strong>superioribuS,</strong></span> <span class='ocrx_word' id='word_1_86' title='bbox 1223 1071 1306 1152; x_wconf 85' lang='lat' dir='ltr'><strong>et,</strong></span> <span class='ocrx_word' id='word_1_87' title='bbox 1357 1069 1412 1133; x_wconf 90' lang='lat' dir='ltr'><strong>si</strong></span> <span class='ocrx_word' id='word_1_88' title='bbox 1456 1068 1731 1152; x_wconf 89' lang='lat' dir='ltr'><strong>probare</strong></span> <span class='ocrx_word' id='word_1_89' title='bbox 1777 1069 2039 1152; x_wconf 89' lang='lat' dir='ltr'><strong>poteris,</strong></span> <span class='ocrx_word' id='word_1_90' title='bbox 2081 1072 2149 1133; x_wconf 88' lang='lat' dir='ltr'><strong>te</strong></span> 
     </span>
     <span class='ocr_line' id='line_1_12' title="bbox 229 1156 2148 1243; baseline -0.001 -20"><span class='ocrx_word' id='word_1_91' title='bbox 229 1159 305 1223; x_wconf 89' lang='lat' dir='ltr'><strong>in</strong></span> <span class='ocrx_word' id='word_1_92' title='bbox 351 1180 460 1223; x_wconf 89' lang='lat' dir='ltr'><strong>eos</strong></span> <span class='ocrx_word' id='word_1_93' title='bbox 506 1159 682 1242; x_wconf 88' lang='lat' dir='ltr'><strong>ipsos</strong></span> <span class='ocrx_word' id='word_1_94' title='bbox 719 1158 1174 1243; x_wconf 83' lang='lat' dir='ltr'><strong>competitores</strong></span> <span class='ocrx_word' id='word_1_95' title='bbox 1207 1160 1358 1222; x_wconf 89' lang='lat' dir='ltr'><strong>tuos</strong></span> <span class='ocrx_word' id='word_1_96' title='bbox 1394 1156 1709 1222; x_wconf 87' lang='lat' dir='ltr'><strong>benevolo</strong></span> <span class='ocrx_word' id='word_1_97' title='bbox 1746 1178 1884 1221; x_wconf 90' lang='lat' dir='ltr'><strong>esse</strong></span> <span class='ocrx_word' id='word_1_98' title='bbox 1930 1157 2148 1222; x_wconf 89' lang='lat' dir='ltr'><strong>animo</strong></span> 
     </span>
     <span class='ocr_line' id='line_1_13' title="bbox 230 1247 1232 1312; baseline -0.001 0"><span class='ocrx_word' id='word_1_99' title='bbox 230 1247 576 1312; x_wconf 86' lang='lat' dir='ltr'><strong>ostendito.</strong></span> <span class='ocrx_word' id='word_1_100' title='bbox 1225 1275 1232 1282; x_wconf 92' lang='lat'><strong>·</strong></span> 
     </span>
     <span class='ocr_line' id='line_1_14' title="bbox 369 1333 2238 1412; baseline -0.001 -13"><span class='ocrx_word' id='word_1_101' title='bbox 369 1335 686 1412; x_wconf 85' lang='lat' dir='ltr'><strong>Quoniam</strong></span> <span class='ocrx_word' id='word_1_102' title='bbox 733 1333 810 1399; x_wconf 92' lang='lat' dir='ltr'><strong>de</strong></span> <span class='ocrx_word' id='word_1_103' title='bbox 857 1335 1155 1399; x_wconf 85' lang='lat' dir='ltr'><strong>amicitiis</strong></span> <span class='ocrx_word' id='word_1_104' title='bbox 1194 1333 1663 1399; x_wconf 84' lang='lat' dir='ltr'><strong>constituendis</strong></span> <span class='ocrx_word' id='word_1_105' title='bbox 1701 1334 1859 1398; x_wconf 85' lang='lat' dir='ltr'><strong>satis</strong></span> <span class='ocrx_word' id='word_1_106' title='bbox 1906 1333 2147 1397; x_wconf 90' lang='lat' dir='ltr'><strong>dictum</strong></span> <span class='ocrx_word' id='word_1_107' title='bbox 2171 1334 2238 1382; x_wconf 85' lang='lat'><strong>11</strong></span> 
     </span>
    </p>
   </div>
   <div class='ocr_carea' id='block_1_3' title="bbox 104 1402 2230 1508">
    <p class='ocr_par' dir='ltr' id='par_1_3' title="bbox 104 1402 2230 1508">
     <span class='ocr_line' id='line_1_15' title="bbox 104 1402 2230 1508; baseline -0.001 -20"><span class='ocrx_word' id='word_1_108' title='bbox 104 1421 127 1435; x_wconf 70' lang='lat'>⁴</span> <span class='ocrx_word' id='word_1_109' title='bbox 233 1427 360 1508; x_wconf 90' lang='lat' dir='ltr'><strong>est,</strong></span> <span class='ocrx_word' id='word_1_110' title='bbox 423 1423 761 1488; x_wconf 90' lang='lat' dir='ltr'><strong>dicendum</strong></span> <span class='ocrx_word' id='word_1_111' title='bbox 824 1427 925 1487; x_wconf 90' lang='lat' dir='ltr'><strong>est</strong></span> <span class='ocrx_word' id='word_1_112' title='bbox 986 1423 1065 1487; x_wconf 90' lang='lat' dir='ltr'><strong>de</strong></span> <span class='ocrx_word' id='word_1_113' title='bbox 1127 1422 1242 1486; x_wconf 88' lang='lat' dir='ltr'><strong>illa</strong></span> <span class='ocrx_word' id='word_1_114' title='bbox 1305 1423 1510 1486; x_wconf 87' lang='lat' dir='ltr'><strong>altera</strong></span> <span class='ocrx_word' id='word_1_115' title='bbox 1562 1425 1745 1506; x_wconf 85' lang='lat' dir='ltr'><strong>parte</strong></span> <span class='ocrx_word' id='word_1_116' title='bbox 1798 1421 2149 1506; x_wconf 82' lang='lat' dir='ltr'><strong>petitionis,</strong></span> <span class='ocrx_word' id='word_1_117' title='bbox 2174 1402 2230 1441; x_wconf 69' lang='lat'><strong>⁴¹</strong></span> 
     </span>
    </p>
   </div>
   <div class='ocr_carea' id='block_1_4' title="bbox 231 1510 2232 3271">
    <p class='ocr_par' dir='ltr' id='par_1_4' title="bbox 231 1510 2232 3271">
     <span class='ocr_line' id='line_1_16' title="bbox 234 1510 2150 1597; baseline -0.002 -20"><span class='ocrx_word' id='word_1_118' title='bbox 234 1533 399 1597; x_wconf 89' lang='lat' dir='ltr'><strong>quae</strong></span> <span class='ocrx_word' id='word_1_119' title='bbox 462 1513 533 1576; x_wconf 91' lang='lat' dir='ltr'><strong>in</strong></span> <span class='ocrx_word' id='word_1_120' title='bbox 594 1512 892 1595; x_wconf 89' lang='lat' dir='ltr'><strong>populari</strong></span> <span class='ocrx_word' id='word_1_121' title='bbox 963 1511 1217 1575; x_wconf 90' lang='lat' dir='ltr'><strong>ratione</strong></span> <span class='ocrx_word' id='word_1_122' title='bbox 1289 1513 1608 1575; x_wconf 78' lang='lat' dir='ltr'><strong>versatur·</strong></span> <span class='ocrx_word' id='word_1_123' title='bbox 1680 1531 1758 1574; x_wconf 86' lang='lat' dir='ltr'><strong>ea</strong></span> <span class='ocrx_word' id='word_1_124' title='bbox 1829 1510 2150 1574; x_wconf 86' lang='lat' dir='ltr'><strong>desiderat</strong></span> 
     </span>
     <span class='ocr_line' id='line_1_17' title="bbox 232 1597 2150 1683; baseline -0.002 -19"><span class='ocrx_word' id='word_1_125' title='bbox 232 1601 837 1683; x_wconf 83' lang='lat' dir='ltr'><strong>nomenclationem,</strong></span> <span class='ocrx_word' id='word_1_126' title='bbox 882 1598 1295 1681; x_wconf 85' lang='lat' dir='ltr'><strong>blanditiam,</strong></span> <span class='ocrx_word' id='word_1_127' title='bbox 1340 1598 1810 1681; x_wconf 84' lang='lat' dir='ltr'><strong>assiduitatem,</strong></span> <span class='ocrx_word' id='word_1_128' title='bbox 1855 1597 2150 1683; x_wconf 85' lang='lat' dir='ltr'><strong>benigni-</strong></span> 
     </span>
     <span class='ocr_line' id='line_1_18' title="bbox 231 1684 2232 1771; baseline -0.002 -17"><span class='ocrx_word' id='word_1_129' title='bbox 231 1692 463 1771; x_wconf 85' lang='lat' dir='ltr'><strong>tatem,</strong></span> <span class='ocrx_word' id='word_1_130' title='bbox 506 1709 856 1769; x_wconf 89' lang='lat' dir='ltr'><strong>rumorem‚</strong></span> <span class='ocrx_word' id='word_1_131' title='bbox 910 1708 1091 1771; x_wconf 93' lang='lat' dir='ltr'><strong>spem</strong></span> <span class='ocrx_word' id='word_1_132' title='bbox 1133 1688 1206 1752; x_wconf 90' lang='lat' dir='ltr'><strong>in</strong></span> <span class='ocrx_word' id='word_1_133' title='bbox 1249 1708 1320 1751; x_wconf 88' lang='lat' dir='ltr'><strong>re</strong></span> <span class='ocrx_word' id='word_1_134' title='bbox 1364 1686 1640 1771; x_wconf 88' lang='lat' dir='ltr'><strong>publica.</strong></span> <span class='ocrx_word' id='word_1_135' title='bbox 1728 1684 2017 1750; x_wconf 87' lang='lat' dir='ltr'><strong>Primum</strong></span> <span class='ocrx_word' id='word_1_136' title='bbox 2062 1686 2146 1768; x_wconf 90' lang='lat' dir='ltr'><strong>id,</strong></span> <span class='ocrx_word' id='word_1_137' title='bbox 2171 1708 2232 1749; x_wconf 74' lang='lat'><strong>42</strong></span> 
     </span>
     <span class='ocr_line' id='line_1_19' title="bbox 235 1774 2147 1861; baseline -0.001 -22"><span class='ocrx_word' id='word_1_138' title='bbox 235 1776 408 1861; x_wconf 91' lang='lat' dir='ltr'><strong>quod</strong></span> <span class='ocrx_word' id='word_1_139' title='bbox 460 1774 623 1839; x_wconf 83' lang='lat' dir='ltr'><strong>facis</strong></span> <span class='ocrx_word' id='word_1_140' title='bbox 633 1824 650 1858; x_wconf 94' lang='lat'><strong>,</strong></span> <span class='ocrx_word' id='word_1_141' title='bbox 701 1778 778 1838; x_wconf 89' lang='lat' dir='ltr'><strong>ut</strong></span> <span class='ocrx_word' id='word_1_142' title='bbox 827 1774 1122 1840; x_wconf 88' lang='lat' dir='ltr'><strong>homines</strong></span> <span class='ocrx_word' id='word_1_143' title='bbox 1176 1775 1385 1858; x_wconf 89' lang='lat' dir='ltr'><strong>noris,</strong></span> <span class='ocrx_word' id='word_1_144' title='bbox 1440 1774 1761 1860; x_wconf 87' lang='lat' dir='ltr'><strong>significa,</strong></span> <span class='ocrx_word' id='word_1_145' title='bbox 1821 1779 1897 1837; x_wconf 91' lang='lat' dir='ltr'><strong>ut</strong></span> <span class='ocrx_word' id='word_1_146' title='bbox 1951 1796 2147 1859; x_wconf 87' lang='lat' dir='ltr'><strong>appa·</strong></span> 
     </span>
     <span class='ocr_line' id='line_1_20' title="bbox 235 1862 2150 1948; baseline 0 -20"><span class='ocrx_word' id='word_1_147' title='bbox 235 1868 402 1947; x_wconf 89' lang='lat' dir='ltr'><strong>reat,</strong></span> <span class='ocrx_word' id='word_1_148' title='bbox 457 1867 524 1927; x_wconf 90' lang='lat' dir='ltr'><strong>et</strong></span> <span class='ocrx_word' id='word_1_149' title='bbox 577 1883 772 1948; x_wconf 83' lang='lat' dir='ltr'><strong>auge,</strong></span> <span class='ocrx_word' id='word_1_150' title='bbox 825 1866 902 1927; x_wconf 91' lang='lat' dir='ltr'><strong>ut</strong></span> <span class='ocrx_word' id='word_1_151' title='bbox 954 1865 1239 1947; x_wconf 88' lang='lat' dir='ltr'><strong>quotidie</strong></span> <span class='ocrx_word' id='word_1_152' title='bbox 1292 1864 1522 1928; x_wconf 89' lang='lat' dir='ltr'><strong>melius</strong></span> <span class='ocrx_word' id='word_1_153' title='bbox 1574 1863 1716 1927; x_wconf 87' lang='lat' dir='ltr'><strong>fiat:</strong></span> <span class='ocrx_word' id='word_1_154' title='bbox 1769 1862 1935 1927; x_wconf 88' lang='lat' dir='ltr'><strong>nihil</strong></span> <span class='ocrx_word' id='word_1_155' title='bbox 1988 1863 2150 1928; x_wconf 83' lang='lat' dir='ltr'><strong>mihi</strong></span> 
     </span>
     <span class='ocr_line' id='line_1_21' title="bbox 233 1950 2147 2037; baseline 0 -21"><span class='ocrx_word' id='word_1_156' title='bbox 233 1956 371 2017; x_wconf 89' lang='lat' dir='ltr'><strong>tam</strong></span> <span class='ocrx_word' id='word_1_157' title='bbox 415 1953 728 2036; x_wconf 90' lang='lat' dir='ltr'><strong>populare</strong></span> <span class='ocrx_word' id='word_1_158' title='bbox 781 1972 990 2036; x_wconf 91' lang='lat' dir='ltr'><strong>neque</strong></span> <span class='ocrx_word' id='word_1_159' title='bbox 1044 1956 1182 2016; x_wconf 88' lang='lat' dir='ltr'><strong>tam</strong></span> <span class='ocrx_word' id='word_1_160' title='bbox 1236 1955 1496 2037; x_wconf 82' lang='lat' dir='ltr'><strong>gratum</strong></span> <span class='ocrx_word' id='word_1_161' title='bbox 1539 1951 1809 2016; x_wconf 84' lang='lat' dir='ltr'><strong>videtur.</strong></span> <span class='ocrx_word' id='word_1_162' title='bbox 1897 1950 2147 2016; x_wconf 89' lang='lat' dir='ltr'><strong>Deinde</strong></span> 
     </span>
     <span class='ocr_line' id='line_1_22' title="bbox 232 2040 2150 2125; baseline 0 -21"><span class='ocrx_word' id='word_1_163' title='bbox 232 2040 327 2123; x_wconf 92' lang='lat' dir='ltr'><strong>id,</strong></span> <span class='ocrx_word' id='word_1_164' title='bbox 381 2041 553 2123; x_wconf 90' lang='lat' dir='ltr'><strong>quod</strong></span> <span class='ocrx_word' id='word_1_165' title='bbox 597 2044 834 2106; x_wconf 88' lang='lat' dir='ltr'><strong>natura</strong></span> <span class='ocrx_word' id='word_1_166' title='bbox 877 2061 1014 2106; x_wconf 94' lang='lat' dir='ltr'><strong>non</strong></span> <span class='ocrx_word' id='word_1_167' title='bbox 1066 2040 1268 2105; x_wconf 89' lang='lat' dir='ltr'><strong>habes</strong></span> <span class='ocrx_word' id='word_1_168' title='bbox 1277 2091 1296 2125; x_wconf 91' lang='lat'><strong>,</strong></span> <span class='ocrx_word' id='word_1_169' title='bbox 1352 2040 1548 2105; x_wconf 88' lang='lat' dir='ltr'><strong>induc</strong></span> <span class='ocrx_word' id='word_1_170' title='bbox 1599 2041 1670 2104; x_wconf 91' lang='lat' dir='ltr'><strong>in</strong></span> <span class='ocrx_word' id='word_1_171' title='bbox 1724 2040 2012 2104; x_wconf 86' lang='lat' dir='ltr'><strong>animum</strong></span> <span class='ocrx_word' id='word_1_172' title='bbox 2054 2040 2150 2104; x_wconf 86' lang='lat' dir='ltr'><strong>ita</strong></span> 
     </span>
     <span class='ocr_line' id='line_1_23' title="bbox 234 2127 2149 2214; baseline 0.001 -23"><span class='ocrx_word' id='word_1_173' title='bbox 234 2128 670 2192; x_wconf 81' lang='lat' dir='ltr'><strong>simulandum</strong></span> <span class='ocrx_word' id='word_1_174' title='bbox 733 2149 898 2214; x_wconf 91' lang='lat' dir='ltr'><strong>esse,</strong></span> <span class='ocrx_word' id='word_1_175' title='bbox 959 2132 1036 2193; x_wconf 93' lang='lat' dir='ltr'><strong>ut</strong></span> <span class='ocrx_word' id='word_1_176' title='bbox 1096 2131 1333 2193; x_wconf 89' lang='lat' dir='ltr'><strong>natura</strong></span> <span class='ocrx_word' id='word_1_177' title='bbox 1384 2129 1596 2192; x_wconf 87' lang='lat' dir='ltr'><strong>facere</strong></span> <span class='ocrx_word' id='word_1_178' title='bbox 1650 2127 1931 2192; x_wconf 85' lang='lat' dir='ltr'><strong>videare:</strong></span> <span class='ocrx_word' id='word_1_179' title='bbox 1993 2149 2149 2192; x_wconf 90' lang='lat' dir='ltr'><strong>nam</strong></span> 
     </span>
     <span class='ocr_line' id='line_1_24' title="bbox 235 2215 2149 2300; baseline 0.001 -21"><span class='ocrx_word' id='word_1_180' title='bbox 235 2216 507 2280; x_wconf 89' lang='lat' dir='ltr'><strong>comitas</strong></span> <span class='ocrx_word' id='word_1_181' title='bbox 552 2215 674 2279; x_wconf 91' lang='lat' dir='ltr'><strong>tibi</strong></span> <span class='ocrx_word' id='word_1_182' title='bbox 717 2237 854 2281; x_wconf 92' lang='lat' dir='ltr'><strong>non</strong></span> <span class='ocrx_word' id='word_1_183' title='bbox 898 2217 1080 2281; x_wconf 90' lang='lat' dir='ltr'><strong>deest</strong></span> <span class='ocrx_word' id='word_1_184' title='bbox 1123 2237 1218 2300; x_wconf 91' lang='lat' dir='ltr'><strong>ea,</strong></span> <span class='ocrx_word' id='word_1_185' title='bbox 1263 2237 1427 2300; x_wconf 92' lang='lat' dir='ltr'><strong>quae</strong></span> <span class='ocrx_word' id='word_1_186' title='bbox 1472 2217 1646 2281; x_wconf 90' lang='lat' dir='ltr'><strong>bono</strong></span> <span class='ocrx_word' id='word_1_187' title='bbox 1694 2237 1769 2280; x_wconf 91' lang='lat' dir='ltr'><strong>ac</strong></span> <span class='ocrx_word' id='word_1_188' title='bbox 1807 2216 1990 2289; x_wconf 84' lang='lat' dir='ltr'><strong>suavi</strong></span> <span class='ocrx_word' id='word_1_189' title='bbox 2034 2216 2149 2281; x_wconf 90' lang='lat' dir='ltr'><strong>ho·</strong></span> 
     </span>
     <span class='ocr_line' id='line_1_25' title="bbox 234 2304 2149 2390; baseline 0.001 -23"><span class='ocrx_word' id='word_1_190' title='bbox 234 2305 409 2368; x_wconf 86' lang='lat' dir='ltr'><strong>mine</strong></span> <span class='ocrx_word' id='word_1_191' title='bbox 455 2304 655 2389; x_wconf 87' lang='lat' dir='ltr'><strong>digna</strong></span> <span class='ocrx_word' id='word_1_192' title='bbox 709 2307 832 2387; x_wconf 84' lang='lat' dir='ltr'><strong>est3</strong></span> <span class='ocrx_word' id='word_1_193' title='bbox 886 2305 998 2370; x_wconf 90' lang='lat' dir='ltr'><strong>sed</strong></span> <span class='ocrx_word' id='word_1_194' title='bbox 1054 2326 1217 2389; x_wconf 90' lang='lat' dir='ltr'><strong>opus</strong></span> <span class='ocrx_word' id='word_1_195' title='bbox 1272 2307 1373 2369; x_wconf 91' lang='lat' dir='ltr'><strong>est</strong></span> <span class='ocrx_word' id='word_1_196' title='bbox 1423 2322 1665 2390; x_wconf 85' lang='lat' dir='ltr'><strong>magno</strong></span> <span class='ocrx_word' id='word_1_197' title='bbox 1722 2325 1913 2389; x_wconf 90' lang='lat' dir='ltr'><strong>opere</strong></span> <span class='ocrx_word' id='word_1_198' title='bbox 1965 2304 2149 2369; x_wconf 88' lang='lat' dir='ltr'><strong>blan-</strong></span> 
     </span>
     <span class='ocr_line' id='line_1_26' title="bbox 232 2392 2150 2477; baseline 0 -21"><span class='ocrx_word' id='word_1_199' title='bbox 232 2392 422 2476; x_wconf 84' lang='lat' dir='ltr'><strong>ditia,</strong></span> <span class='ocrx_word' id='word_1_200' title='bbox 467 2413 660 2476; x_wconf 90' lang='lat' dir='ltr'><strong>quae,</strong></span> <span class='ocrx_word' id='word_1_201' title='bbox 715 2393 968 2458; x_wconf 89' lang='lat' dir='ltr'><strong>etiamsi</strong></span> <span class='ocrx_word' id='word_1_202' title='bbox 1021 2393 1258 2458; x_wconf 83' lang='lat' dir='ltr'><strong>vitiosa</strong></span> <span class='ocrx_word' id='word_1_203' title='bbox 1303 2395 1403 2457; x_wconf 88' lang='lat' dir='ltr'><strong>est</strong></span> <span class='ocrx_word' id='word_1_204' title='bbox 1456 2396 1524 2457; x_wconf 90' lang='lat' dir='ltr'><strong>et</strong></span> <span class='ocrx_word' id='word_1_205' title='bbox 1565 2393 1775 2477; x_wconf 81' lang='lat' dir='ltr'><strong>turpis</strong></span> <span class='ocrx_word' id='word_1_206' title='bbox 1819 2393 1890 2457; x_wconf 90' lang='lat' dir='ltr'><strong>in</strong></span> <span class='ocrx_word' id='word_1_207' title='bbox 1936 2395 2150 2457; x_wconf 87' lang='lat' dir='ltr'><strong>cetera</strong></span> 
     </span>
     <span class='ocr_line' id='line_1_27' title="bbox 233 2480 2149 2565; baseline 0.001 -21"><span class='ocrx_word' id='word_1_208' title='bbox 233 2480 387 2564; x_wconf 78' lang='lat' dir='ltr'><strong>vita,</strong></span> <span class='ocrx_word' id='word_1_209' title='bbox 421 2485 642 2545; x_wconf 89' lang='lat' dir='ltr'><strong>tamen</strong></span> <span class='ocrx_word' id='word_1_210' title='bbox 667 2480 739 2544; x_wconf 91' lang='lat' dir='ltr'><strong>in</strong></span> <span class='ocrx_word' id='word_1_211' title='bbox 765 2482 1078 2565; x_wconf 89' lang='lat' dir='ltr'><strong>petitione</strong></span> <span class='ocrx_word' id='word_1_212' title='bbox 1106 2484 1209 2546; x_wconf 91' lang='lat' dir='ltr'><strong>est</strong></span> <span class='ocrx_word' id='word_1_213' title='bbox 1232 2482 1622 2564; x_wconf 80' lang='lat' dir='ltr'><strong>necessaria3</strong></span> <span class='ocrx_word' id='word_1_214' title='bbox 1666 2481 1923 2564; x_wconf 84' lang='lat' dir='ltr'><strong>etenim,</strong></span> <span class='ocrx_word' id='word_1_215' title='bbox 1950 2490 2149 2564; x_wconf 84' lang='lat' dir='ltr'><strong>quum</strong></span> 
     </span>
     <span class='ocr_line' id='line_1_28' title="bbox 234 2568 2149 2653; baseline 0.001 -22"><span class='ocrx_word' id='word_1_216' title='bbox 234 2568 616 2634; x_wconf 88' lang='lat' dir='ltr'><strong>deteriorem</strong></span> <span class='ocrx_word' id='word_1_217' title='bbox 672 2570 952 2653; x_wconf 89' lang='lat' dir='ltr'><strong>aliquem</strong></span> <span class='ocrx_word' id='word_1_218' title='bbox 1007 2569 1399 2635; x_wconf 89' lang='lat' dir='ltr'><strong>assentando</strong></span> <span class='ocrx_word' id='word_1_219' title='bbox 1444 2569 1630 2653; x_wconf 84' lang='lat' dir='ltr'><strong>facit,</strong></span> <span class='ocrx_word' id='word_1_220' title='bbox 1680 2569 1978 2653; x_wconf 88' lang='lat' dir='ltr'><strong>improba</strong></span> <span class='ocrx_word' id='word_1_221' title='bbox 2032 2574 2149 2652; x_wconf 91' lang='lat' dir='ltr'><strong>est,</strong></span> 
     </span>
     <span class='ocr_line' id='line_1_29' title="bbox 233 2657 2149 2744; baseline 0.001 -24"><span class='ocrx_word' id='word_1_222' title='bbox 233 2678 433 2740; x_wconf 90' lang='lat' dir='ltr'><strong>quum</strong></span> <span class='ocrx_word' id='word_1_223' title='bbox 497 2658 894 2742; x_wconf 90' lang='lat' dir='ltr'><strong>amiciorem,</strong></span> <span class='ocrx_word' id='word_1_224' title='bbox 963 2679 1100 2724; x_wconf 92' lang='lat' dir='ltr'><strong>non</strong></span> <span class='ocrx_word' id='word_1_225' title='bbox 1161 2662 1300 2722; x_wconf 89' lang='lat' dir='ltr'><strong>tam</strong></span> <span class='ocrx_word' id='word_1_226' title='bbox 1362 2657 1814 2744; x_wconf 85' lang='lat' dir='ltr'><strong>vituperanda,</strong></span> <span class='ocrx_word' id='word_1_227' title='bbox 1885 2657 2149 2742; x_wconf 66' lang='lat' dir='ltr'><strong>petitori</strong></span> 
     </span>
     <span class='ocr_line' id='line_1_30' title="bbox 232 2746 2151 2830; baseline 0.001 -22"><span class='ocrx_word' id='word_1_228' title='bbox 232 2766 384 2810; x_wconf 81' lang='lat' dir='ltr'><strong>vero</strong></span> <span class='ocrx_word' id='word_1_229' title='bbox 447 2746 811 2811; x_wconf 87' lang='lat' dir='ltr'><strong>necessaria</strong></span> <span class='ocrx_word' id='word_1_230' title='bbox 875 2749 1000 2830; x_wconf 92' lang='lat' dir='ltr'><strong>est,</strong></span> <span class='ocrx_word' id='word_1_231' title='bbox 1064 2746 1245 2810; x_wconf 88' lang='lat' dir='ltr'><strong>cuius</strong></span> <span class='ocrx_word' id='word_1_232' title='bbox 1310 2750 1378 2810; x_wconf 91' lang='lat' dir='ltr'><strong>et</strong></span> <span class='ocrx_word' id='word_1_233' title='bbox 1437 2746 1620 2811; x_wconf 84' lang='lat' dir='ltr'><strong>frons</strong></span> <span class='ocrx_word' id='word_1_234' title='bbox 1684 2749 1751 2810; x_wconf 92' lang='lat' dir='ltr'><strong>et</strong></span> <span class='ocrx_word' id='word_1_235' title='bbox 1811 2747 2028 2811; x_wconf 84' lang='lat' dir='ltr'><strong>vultus</strong></span> <span class='ocrx_word' id='word_1_236' title='bbox 2083 2749 2151 2810; x_wconf 91' lang='lat' dir='ltr'><strong>et</strong></span> 
     </span>
     <span class='ocr_line' id='line_1_31' title="bbox 235 2834 2149 2919; baseline 0.001 -23"><span class='ocrx_word' id='word_1_237' title='bbox 235 2854 444 2898; x_wconf 92' lang='lat' dir='ltr'><strong>sermo</strong></span> <span class='ocrx_word' id='word_1_238' title='bbox 501 2834 583 2898; x_wconf 87' lang='lat' dir='ltr'><strong>ad</strong></span> <span class='ocrx_word' id='word_1_239' title='bbox 639 2855 890 2918; x_wconf 89' lang='lat' dir='ltr'><strong>eorum,</strong></span> <span class='ocrx_word' id='word_1_240' title='bbox 945 2855 1379 2918; x_wconf 91' lang='lat' dir='ltr'><strong>quoscumque</strong></span> <span class='ocrx_word' id='word_1_241' title='bbox 1435 2834 1833 2919; x_wconf 84' lang='lat' dir='ltr'><strong>convenerit,</strong></span> <span class='ocrx_word' id='word_1_242' title='bbox 1889 2855 2149 2900; x_wconf 91' lang='lat' dir='ltr'><strong>sensum</strong></span> 
     </span>
     <span class='ocr_line' id='line_1_32' title="bbox 233 2922 2148 2988; baseline 0.002 -4"><span class='ocrx_word' id='word_1_243' title='bbox 233 2922 302 2984; x_wconf 91' lang='lat' dir='ltr'><strong>et</strong></span> <span class='ocrx_word' id='word_1_244' title='bbox 344 2922 744 2986; x_wconf 84' lang='lat' dir='ltr'><strong>voluntatem</strong></span> <span class='ocrx_word' id='word_1_245' title='bbox 782 2922 1274 2987; x_wconf 89' lang='lat' dir='ltr'><strong>commutandus</strong></span> <span class='ocrx_word' id='word_1_246' title='bbox 1312 2925 1379 2986; x_wconf 90' lang='lat' dir='ltr'><strong>et</strong></span> <span class='ocrx_word' id='word_1_247' title='bbox 1415 2923 1993 2988; x_wconf 90' lang='lat' dir='ltr'><strong>accommodandus</strong></span> <span class='ocrx_word' id='word_1_248' title='bbox 2032 2926 2148 2988; x_wconf 87' lang='lat' dir='ltr'><strong>est.</strong></span> 
     </span>
     <span class='ocr_line' id='line_1_33' title="bbox 232 3007 2230 3096; baseline 0 -24"><span class='ocrx_word' id='word_1_249' title='bbox 232 3007 373 3073; x_wconf 89' lang='lat' dir='ltr'><strong>Iam</strong></span> <span class='ocrx_word' id='word_1_250' title='bbox 427 3010 823 3075; x_wconf 89' lang='lat' dir='ltr'><strong>assiduitatis</strong></span> <span class='ocrx_word' id='word_1_251' title='bbox 880 3011 1131 3075; x_wconf 91' lang='lat' dir='ltr'><strong>nullum</strong></span> <span class='ocrx_word' id='word_1_252' title='bbox 1191 3014 1290 3075; x_wconf 89' lang='lat' dir='ltr'><strong>est</strong></span> <span class='ocrx_word' id='word_1_253' title='bbox 1351 3013 1791 3096; x_wconf 89' lang='lat' dir='ltr'><strong>praeceptum,</strong></span> <span class='ocrx_word' id='word_1_254' title='bbox 1852 3012 2146 3076; x_wconf 85' lang='lat' dir='ltr'><strong>verbum·</strong></span> <span class='ocrx_word' id='word_1_255' title='bbox 2171 3031 2230 3072; x_wconf 74' lang='lat'><strong>4³</strong></span> 
     </span>
     <span class='ocr_line' id='line_1_34' title="bbox 232 3097 2149 3184; baseline 0.002 -25"><span class='ocrx_word' id='word_1_256' title='bbox 232 3117 356 3178; x_wconf 92' lang='lat' dir='ltr'><strong>que</strong></span> <span class='ocrx_word' id='word_1_257' title='bbox 408 3097 624 3181; x_wconf 90' lang='lat' dir='ltr'><strong>ipsum</strong></span> <span class='ocrx_word' id='word_1_258' title='bbox 677 3098 890 3181; x_wconf 90' lang='lat' dir='ltr'><strong>docet,</strong></span> <span class='ocrx_word' id='word_1_259' title='bbox 953 3120 1116 3182; x_wconf 87' lang='lat' dir='ltr'><strong>quae</strong></span> <span class='ocrx_word' id='word_1_260' title='bbox 1180 3120 1283 3163; x_wconf 87' lang='lat' dir='ltr'><strong>res</strong></span> <span class='ocrx_word' id='word_1_261' title='bbox 1348 3100 1449 3164; x_wconf 91' lang='lat' dir='ltr'><strong>sit.</strong></span> <span class='ocrx_word' id='word_1_262' title='bbox 1554 3098 1828 3165; x_wconf 91' lang='lat' dir='ltr'><strong>Prodest</strong></span> <span class='ocrx_word' id='word_1_263' title='bbox 1889 3100 2149 3184; x_wconf 90' lang='lat' dir='ltr'><strong>quidem</strong></span> 
     </span>
     <span class='ocr_line' id='line_1_35' title="bbox 231 3183 2148 3271; baseline 0.002 -23"><span class='ocrx_word' id='word_1_264' title='bbox 231 3183 644 3250; x_wconf 81' lang='lat' dir='ltr'><strong>vehementer</strong></span> <span class='ocrx_word' id='word_1_265' title='bbox 723 3207 1045 3270; x_wconf 89' lang='lat' dir='ltr'><strong>nusquam</strong></span> <span class='ocrx_word' id='word_1_266' title='bbox 1125 3185 1475 3271; x_wconf 90' lang='lat' dir='ltr'><strong>discedere,</strong></span> <span class='ocrx_word' id='word_1_267' title='bbox 1556 3187 1667 3252; x_wconf 92' lang='lat' dir='ltr'><strong>sed</strong></span> <span class='ocrx_word' id='word_1_268' title='bbox 1747 3190 1969 3252; x_wconf 88' lang='lat' dir='ltr'><strong>tamen</strong></span> <span class='ocrx_word' id='word_1_269' title='bbox 2038 3188 2148 3252; x_wconf 91' lang='lat' dir='ltr'><strong>hic</strong></span> 
     </span>
    </p>
   </div>
   <div class='ocr_carea' id='block_1_5' title="bbox 227 3393 2144 3536">
    <p class='ocr_par' dir='ltr' id='par_1_5' title="bbox 227 3393 2144 3536">
     <span class='ocr_line' id='line_1_36' title="bbox 377 3393 2144 3466; baseline 0.001 -20"><span class='ocrx_word' id='word_1_270' title='bbox 377 3398 462 3460; x_wconf 89' lang='lat'><strong>11,</strong></span> <span class='ocrx_word' id='word_1_271' title='bbox 489 3398 578 3448; x_wconf 79' lang='lat'><strong>42.</strong></span> <span class='ocrx_word' id='word_1_272' title='bbox 650 3395 814 3461; x_wconf 79' lang='lat' dir='ltr'><strong>facit,</strong></span> <span class='ocrx_word' id='word_1_273' title='bbox 850 3396 1013 3464; x_wconf 78' lang='lat' dir='ltr'><strong>impr.</strong></span> <span class='ocrx_word' id='word_1_274' title='bbox 1061 3396 1179 3463; x_wconf 86' lang='lat' dir='ltr'><strong>(vul</strong></span> <span class='ocrx_word' id='word_1_275' title='bbox 1182 3397 1293 3466; x_wconf 81' lang='lat' dir='ltr'><strong>g.o)</strong></span> <span class='ocrx_word' id='word_1_276' title='bbox 1390 3397 1459 3463; x_wconf 75' lang='lat' dir='ltr'><strong>f.‚</strong></span> <span class='ocrx_word' id='word_1_277' title='bbox 1496 3400 1612 3450; x_wconf 82' lang='lat' dir='ltr'><strong>tum</strong></span> <span class='ocrx_word' id='word_1_278' title='bbox 1646 3395 1685 3449; x_wconf 79' lang='lat' dir='ltr'><strong>i.</strong></span> <span class='ocrx_word' id='word_1_279' title='bbox 1733 3395 1819 3450; x_wconf 85' lang='lat' dir='ltr'><strong>cd.</strong></span> <span class='ocrx_word' id='word_1_280' title='bbox 1858 3395 2044 3462; x_wconf 66' lang='lat' dir='ltr'><strong>Turn„</strong></span> <span class='ocrx_word' id='word_1_281' title='bbox 2080 3393 2144 3448; x_wconf 93' lang='grc' dir='ltr'><strong>Β.</strong></span> 
     </span>
     <span class='ocr_line' id='line_1_37' title="bbox 227 3438 1506 3536; baseline 0.001 -18"><span class='ocrx_word' id='word_1_282' title='bbox 227 3469 314 3518; x_wconf 83' lang='lat'><strong>43.</strong></span> <span class='ocrx_word' id='word_1_283' title='bbox 371 3465 690 3534; x_wconf 74' lang='lat' dir='ltr'><strong>verbwmque</strong></span> <span class='ocrx_word' id='word_1_284' title='bbox 717 3465 948 3536; x_wconf 83' lang='lat' dir='ltr'><strong>(vulgo).</strong></span> <span class='ocrx_word' id='word_1_285' title='bbox 1020 3467 1241 3522; x_wconf 79' lang='lat' dir='ltr'><strong>verbum</strong></span> <span class='ocrx_word' id='word_1_286' title='bbox 1276 3465 1410 3534; x_wconf 70' lang='lat' dir='ltr'><strong>Erf„</strong></span> <span class='ocrx_word' id='word_1_287' title='bbox 1445 3438 1506 3519; x_wconf 87' lang='lat' dir='ltr'><strong>&#39;B.</strong></span> 
     </span>
    </p>
   </div>
   <div class='ocr_carea' id='block_1_6' title="bbox 336 3551 2024 3625">
    <p class='ocr_par' dir='ltr' id='par_1_6' title="bbox 336 3551 2024 3625">
     <span class='ocr_line' id='line_1_38' title="bbox 336 3551 2024 3625; baseline 0.009 -33"><span class='ocrx_word' id='word_1_288' title='bbox 336 3551 414 3594; x_wconf 81' lang='lat' dir='ltr'><strong>Cic</strong></span> <span class='ocrx_word' id='word_1_289' title='bbox 416 3554 786 3604; x_wconf 81' lang='lat' dir='ltr'><strong>rnseoipis.t.1</strong></span> <span class='ocrx_word' id='word_1_290' title='bbox 1651 3557 1719 3605; x_wconf 81' lang='lat'><strong>42</strong></span> <span class='ocrx_word' id='word_1_291' title='bbox 2015 3610 2024 3625; x_wconf 42' lang='grc'>1</span> 
     </span>
    </p>
   </div>
  </div>
 </body>
</html>
