2338 3691
171 2932 197 2978 1

246 99 372 163 360
815 99 890 158 M.
927 99 1173 154 TULLII
1210 100 1596 159 CICERONIS

244 272 393 316 nam
450 251 551 316 die
603 254 715 317 tuo
770 253 974 318 natali
1017 253 1284 319 victoria
1326 256 1627 322 nuntiata
1670 258 1740 323 in
1780 257 1986 323 multa
2026 277 2165 322 sae-

245 335 387 400 cula
428 336 794 402 videbamus
840 358 972 402 rem
1014 339 1335 422 publicam
1378 341 1744 426 liberatam,
1801 363 1971 409 nunc
2011 341 2164 406 novi

243 421 505 485 timores
549 425 850 487 retexunt
891 422 1234 506 superiora.
1310 424 1636 510 Scripsisti
1680 431 1892 492 autem
1935 426 2016 490 ad
2058 447 2166 491 me

243 504 823 657 {panigahfflibus
867 507 1055 572 Maiis
1099 508 1606 660 dedissgi,tomodo
1648 514 1713 576 te
1736 510 2168 661 Iaccegisselg.

243 673 299 737 si
341 674 433 737 ita
475 614 608 759 est,
660 612 1211 742 dffngossaclifitgipal.
1222 705 1237 759 3
1285 616 1386 743 siln
1431 617 1615 745 {1113ss
1627 616 2008 766 ‚amaegzuss
2051 700 2166 744 ne·

241 759 522 843 gotium,
579 762 757 827 euius
813 763 1052 827 exitum
1110 783 1195 827 ne
1249 764 1687 848 extimescam,
1744 769 1889 829 tuae
1942 767 2166 848 partes

241 848 419 909 sunt:
474 866 594 944 ego
650 847 825 930 plus,
872 868 1062 930 quam
1103 846 1257 927 feci,
1314 847 1525 913 facere
1568 869 1702 914 non
1744 871 2035 935 possum;
2092 854 2167 915 te

239 936 478 1013 tamen,
524 930 592 994 id
635 931 805 1015 quod
847 951 1033 1014 spero
1049 979 1068 1015 ,
1115 932 1402 997 omnium
1444 934 1792 999 maximum
1834 937 1899 999 et
1944 933 2165 1001 claris·

239 1016 470 1080 simum
511 1015 722 1081 videre
766 1017 976 1100 cupio.

1115 1167 1260 1234 XV.

392 1276 508 1337 Ser.
554 1277 766 1332 Romae
811 1291 1000 1332 mense
1046 1277 1203 1332 Iunio
1250 1278 1404 1348 (post
1443 1277 1549 1345 Id.)
1594 1294 1645 1332 a.
1690 1295 1744 1333 u.
1788 1294 1836 1335 c.
1884 1284 2001 1333 711.

495 1378 570 1432 M.
606 1376 864 1434 CICERO
899 1375 968 1437 D.
1002 1378 1250 1434 BRUTO
1289 1377 1436 1434 COS.
1469 1377 1703 1433 DESIG.
1739 1377 1793 1437 S.
1830 1378 1899 1437 D.

363 1472 506 1538 Etsi
548 1472 708 1537 mihi
753 1474 901 1535 tuae
954 1473 1211 1538 litterae
1263 1471 1757 1536 iucundissimae
1812 1475 2000 1554 sunt,
2061 1476 2163 1536 ta-

236 1579 385 1622 men
449 1558 784 1622 iucundius
843 1555 1001 1642 fuit,
1070 1556 1238 1642 quod
1297 1556 1364 1620 in
1429 1577 1677 1620 summa
1742 1556 2167 1641 occupatione

236 1646 351 1707 tua
392 1641 633 1707 Planco
689 1641 970 1725 collegae
1027 1641 1374 1720 mandasti,
1433 1643 1507 1704 ut
1560 1643 1628 1705 te
1685 1641 1841 1705 mihi
1896 1663 2013 1726 per
2054 1641 2161 1705 lit·

237 1732 406 1792 teras
463 1729 818 1809 excusaret3
885 1727 1053 1808 quod
1119 1725 1278 1790 fecit
1343 1725 1454 1790 ille
1519 1723 1883 1823 diligenter.
1992 1725 2161 1790 Mihi

239 1815 449 1876 autem
492 1811 657 1876 nihil
702 1809 1036 1876 amabilius
1079 1809 1293 1876 officio
1322 1813 1435 1875 tuo
1463 1809 1530 1874 et
1557 1809 1914 1896 dihgentia.
1991 1809 2160 1877 Con-

237 1897 483 1960 iunctio
537 1900 651 1961 tua
707 1916 849 1959 cum
906 1897 1156 1981 collega
1198 1896 1658 1979 concordiaque
1699 1900 1940 1976 vestra,
1997 1916 2164 1981 quae

238 1981 467 2045 litteris
523 1980 964 2045 communibus
1018 1981 1342 2046 declarata
1395 1983 1521 2061 est,
1587 1981 1839 2045 senatui
1891 1981 2162 2065 populo·

239 2088 360 2151 que
430 2065 717 2130 Romano
784 2066 1150 2148 gratissima
1225 2063 1474 2131 accidit.
1593 2063 1776 2140 Quod
1846 2068 2161 2150 superest,

237 2171 457 2250 perge,
484 2151 591 2231 ,mi
635 2149 862 2231 Brute,
909 2153 975 2214 et
1016 2150 1146 2215 iam
1188 2172 1319 2214 non
1362 2170 1507 2213 eum
1551 2149 1727 2228 aliis,
1787 2150 1897 2214 sed
1940 2155 2160 2214 tecum

235 2257 374 2320 ipse
429 2239 622 2301 certa.
720 2232 917 2298 Plura
971 2235 1248 2299 scribere
1304 2254 1435 2298 non
1491 2233 1690 2298 debeo
1684 2282 1723 2331 1
1777 2235 2160 2319 praesertim

238 2321 318 2386 ad
361 2323 456 2401 te,
514 2340 638 2405 quo
690 2320 996 2404 magistro
1037 2320 1375 2384 brevitatis
1418 2319 1515 2382 uti
1558 2322 1791 2403 cog1t0.
1878 2319 2161 2384 Litteras

235 2410 384 2472 tuas
437 2404 845 2469 vehementer
902 2408 1201 2488 exspecto
1255 2407 1322 2469 et
1376 2403 1632 2487 quidem
1673 2404 1837 2469 tales
1854 2452 1873 2489 ,
1933 2405 2165 2488 quales

235 2491 514 2557 maxime
556 2492 728 2574 opto.

1105 2605 1284 2671 XVI.

404 2717 520 2774 Scr.
556 2732 747 2772 mense
781 2715 998 2771 incerto
1034 2715 1298 2783 (exeunte
1332 2715 1515 2785 Aprili
1525 2719 1572 2782 9)
1610 2731 1658 2773 a.
1694 2731 1749 2773 u.
1784 2730 1833 2769 c.
1869 2720 1986 2770 ⁷11.

491 2819 566 2878 M.
603 2817 862 2874 CICERO
898 2817 963 2870 D.
997 2815 1247 2872 BRUTO
1284 2814 1429 2871 COS.
1465 2814 1698 2874 DESIG.
1735 2815 1789 2869 S.
1826 2813 1893 2874 D.

361 2911 711 3009 Permagni
769 2910 1062 3009 interest,
1119 2931 1246 2993 quo
1300 2909 1418 2973 tibi
1474 2908 1633 3007 haec
1687 2912 1972 3007 tempore
2026 2909 2160 3007 epi·

237 2999 403 3063 stola
442 2997 692 3062 reddita
735 2999 847 3073 sit,
906 2999 1118 3059 utrum
1174 3015 1369 3080 quum
1412 2993 1860 3058 sollicitudinis
1915 2993 2160 3079 aliquid

369 3180 473 3248 Ep.
511 3186 601 3248 14,
637 3187 686 3235 3.
756 3179 1071 3259 liberatam,
1114 3194 1269 3233 nune
1299 3178 1432 3232 novi
1466 3177 1578 3244 (W.
1622 3180 1682 3233 et
1716 3178 1850 3246 Or.).
1921 3177 1992 3257 ²2³⁸
2023 3178 2160 3233 novi

235 3247 483 3366 ΒΤίὼενιία
517 3263 572 3368 ο..
609 3276 675 3288 -
708 3264 778 3302 ne
822 3253 1199 3314 extimescam,
1241 3251 1374 3302 tuae
1416 3244 1631 3313 (Crat).
1679 3261 1817 3366 *non
1851 3250 2157 3303 extimesco.
