2338 3691
201 124 331 188 300
765 125 840 178 M.
879 123 1125 178 TULLII
1160 123 1542 180 CICERONIS

197 290 363 354 quae
419 290 670 333 summa
723 272 848 353 est,
901 268 1202 333 videntur
1255 290 1449 353 quam
1501 268 1857 354 fidelitatis,
1911 291 2107 354 quam

197 379 319 443 ego
348 378 444 458 ‘ex
486 379 633 421 mea
677 357 1094 510 oeffinfiffi
1115 357 1374 423 metior:
1417 379 1635 460 quare,
1679 359 1734 424 si
1770 361 1885 423 aut
1918 360 2110 461 aliter

195 449 901 619 {ztzessffifzfffmfio
935 449 1292 619 {²331ss
1300 451 2108 620 ΡῗωῗΡξὶἺῗέθξὲἔῑωίἶ

195 623 367 708 quod
401 626 477 687 tu
505 623 820 707 optimum
854 626 1144 708 putares3
1188 645 1364 689 nunc
1399 646 1551 690 vero
1589 625 1744 709 quid
1781 628 1898 708 est,
1934 625 2103 709 quod

193 733 296 775 me
340 712 413 776 in
475 712 668 776 aliam
729 716 979 796 partem
1030 713 1289 777 trahere
1351 712 1601 797 possit?
1666 735 2102 797 quaecumque

192 802 263 864 in
306 821 410 864 me
454 800 630 865 bona
675 804 827 866 sunt
871 804 986 865 aut
1019 802 1320 867 fortunae
1357 801 1666 867 beneficio
1707 803 1953 867 tributa
1990 807 2103 868 aut

190 910 336 953 meo
381 889 602 954 labore
647 893 853 973 parta,
899 890 1022 954 etsi
1067 912 1107 954 a
1150 895 1217 954 te
1260 894 1526 975 propter
1549 912 1847 955 -amorem
1894 891 2105 955 carius

194 981 347 1042 sunt
390 979 747 1062 aestimata,
789 982 1011 1043 tamen
1054 979 1157 1043 vel
1184 979 1614 1044 inimicissimi
1644 979 1880 1044 iudicio
1916 982 2106 1044 tanta

195 1070 364 1150 sunt,
408 1070 485 1131 ut
527 1071 784 1151 praeter
825 1067 1066 1132 bonam
1109 1068 1354 1132 famam
1397 1067 1563 1132 nihil
1607 1067 1967 1133 desiderare
2011 1069 2102 1133 vi-

121 1168 154 1217 3
191 1154 482 1221 deantur.
512 1200 515 1203 -
572 1154 782 1230 Quare
825 1155 951 1220 hoc
993 1178 1198 1220 unum
1240 1157 1361 1221 tibi
1404 1156 1745 1241 persuade,
1788 1159 2102 1241 quantum

190 1244 434 1308 viribus
480 1245 656 1328 eniti,
701 1245 970 1309 consilio
1015 1245 1369 1330 providere,
1414 1245 1795 1310 auctoritate
1840 1266 2102 1310 monere

189 1335 489 1417 potuero,
550 1333 676 1398 hoc
729 1353 919 1398 omne
971 1334 1066 1398 rei
1119 1333 1416 1418 publicae
1479 1355 1730 1418 semper
1790 1333 2101 1399 futurum.

189 1419 344 1487 Non
389 1425 489 1486 est
530 1422 795 1507 ignotus
839 1421 999 1486 mihi
1044 1443 1272 1487 sensus
1308 1426 1485 1486 tuusx
1528 1443 1756 1506 neque,
1801 1423 1857 1487 si
1899 1422 2099 1488 facul-

188 1514 310 1594 tas,
355 1511 659 1595 optabilis
695 1510 855 1575 mihi
891 1511 1165 1594 quidem,
1209 1510 1309 1575 tui
1344 1511 1702 1595 praesentis
1741 1514 1927 1595 esset,
1961 1533 2099 1575 um-

191 1620 384 1683 quam
438 1621 478 1663 a
520 1600 651 1663 tuis
697 1599 982 1664 consiliis
1024 1598 1480 1683 discreparem,
1532 1620 1652 1663 nec
1709 1620 1886 1664 nunc
1928 1621 2098 1664 com-

190 1687 469 1771 mittam,
520 1690 598 1751 ut
639 1688 844 1752 ullum
896 1709 1110 1752 meum
1153 1689 1400 1752 factum
1450 1688 1915 1772 reprehendere
1959 1688 2097 1753 iure

119 1790 153 1836 ⁴
188 1774 1290 1950 ffi⁸ffi1fi5¹²323033³1033235230
1307 1776 2097 1931 ηἰῗέᾞηξῗῗῖἧηῖἶὲ
2180 1786 2187 1793 ’

189 1955 468 2038 geratur,
511 1956 586 2017 ut
631 1953 845 2018 sciam.
888 1916 905 1949 '
925 1952 1198 2018 Interim
1250 1954 1596 2018 maximam
1639 1953 1746 2018 hic
1790 1954 2095 2018 sollicitu-

189 2041 405 2105 dinem
451 2063 795 2126 curamque
840 2042 1144 2127 sustineo,
1189 2063 1271 2107 nc
1315 2043 1486 2107 inter
1521 2043 1732 2106 aliena
1769 2043 1929 2107 vitia
1970 2042 2097 2107 hae

188 2134 414 2215 gentes
458 2134 684 2195 nostra
727 2131 899 2195 mala
937 2152 1121 2195 suam
1155 2134 1389 2216 putent
1425 2131 1843 2196 occasionem.
1908 2129 2095 2206 Quod

189 2219 244 2282 si
286 2218 583 2302 proinde,
635 2221 712 2282 ut
752 2218 892 2303 ipse
936 2241 1211 2304 mereor,
1263 2220 1425 2284 mihi
1470 2219 1868 2303 successerit,
1920 2223 2095 2284 certe

187 2311 254 2371 et
294 2307 415 2370 tibi
470 2307 572 2371 cui
625 2308 901 2372 maxime
955 2308 1173 2392 cupio,
1234 2311 1303 2372 ct
1354 2308 1652 2373 omnibus
1696 2308 1850 2373 viris
1902 2308 2098 2373 bonis

188 2395 599 2460 satisfaciam.
685 2394 818 2460 Fac
861 2397 1078 2461 valeas
1121 2417 1351 2480 meque
1391 2400 1620 2462 mutuo
1666 2396 1916 2482 diligas.

1329 2537 1360 2572 ἡ

1092 2591 1173 2657 V.

436 2701 550 2757 Ser.
589 2700 800 2757 Rornae
837 2705 968 2758 ante
1005 2703 1150 2758 Non.
1188 2702 1422 2758 Martias
1460 2719 1509 2756 a.
1545 2720 1599 2756 u.
1638 2719 1685 2757 c.
1723 2708 1841 2757 711.

750 2826 1006 2882 CICERO
1044 2826 1333 2882 PLANCO
1373 2826 1523 2881 SAL.

70 2925 75 2930 '
117 2941 143 2986 1
315 2927 516 2992 Binas
562 2950 602 2992 a
645 2931 711 2992 te
756 2927 974 3011 accepi
1009 2927 1260 2991 litteras
1304 2926 1531 2992 eodem
1566 2926 1875 3010 exemplo,
1918 2925 2093 3009 quod

181 3016 397 3098 ipsum
424 3018 808 3101 argumento
835 3015 996 3080 mihi
1029 3016 1157 3080 fuit
1193 3015 1565 3101 diligentiae
1600 3019 1769 3097 tuae,
1806 3014 2094 3079 intellexi

185 3104 358 3166 enim
399 3107 466 3168 te
509 3105 830 3188 laborare,
881 3108 956 3167 ut
999 3104 1082 3168 ad
1135 3125 1240 3168 me
1293 3103 1454 3169 mihi
1479 3163 1482 3166 ,
1508 3103 2094 3188 exspectatissimae

325 3257 428 3326 Ep.
465 3265 517 3324 4,
546 3265 595 3312 2.
667 3262 981 3330 reprimere,
1025 3265 1132 3344 aut
1186 3260 1337 3331 (W.).
1371 3332 1383 3345 .
1425 3260 1715 3385 reprimere
1758 3264 1859 3315 aut
1900 3258 2091 3329 vulgo.

185 3332 233 3379 3.
288 3327 528 3392 facultas
564 3359 628 3367 —
668 3334 775 3398 opt.
822 3349 890 3385 m.
938 3333 1153 3400 qmdem
1190 3363 1257 3372 -
1294 3336 1380 3386 tm
1428 3333 1447 3399 (
1525 3332 1575 3400 .).
1673 3331 1715 3398 f.
1752 3346 1799 3385 o.
1845 3346 1915 3383 m.
1961 3346 2012 3398 q.
2049 3334 2087 3383 t.

184 3396 370 3464 vulgo.
471 3403 520 3450 4.
573 3406 825 3467 geratur,
876 3407 941 3455 ut
983 3404 1154 3457 sciam
1205 3402 1340 3472 (M.).
1438 3418 1492 3472 9.
1540 3402 1625 3472 [ut
1668 3401 1765 3472 sc]
1821 3400 1979 3467 Em„
2022 3398 2090 3454 B.

120 3557 123 3560 Δ
182 3481 392 3520 rerum.-
426 3467 562 3534 quid
715 3476 957 3539 qeratwr,
995 3475 1088 3540 fac
1122 3473 1236 3544 (vel
1271 3478 1335 3527 tu
1366 3473 1499 3543 fac),
1533 3477 1598 3527 ut
1630 3472 1800 3527 sciam
1835 3471 2004 3540 (W.)?
