2338 3691
653 175 1172 279 EPISTQLARUM
1208 175 1355 231 x111.
1394 180 1604 230 26-28
1634 192 1684 230 a.
1994 173 2152 238 443.

208 320 531 405 formuIiS,
585 320 677 386 sic
734 340 856 406 ego
910 321 981 385 in
1035 320 1325 405 epistolis
1380 337 1474 384 DE
1527 337 1767 384 EADEM
1819 336 1910 384 RE
1963 336 2125 386 Amo

209 425 428 475 nono.
518 405 589 474 G.
634 408 957 474 Avianius
996 409 1198 494 igitur
1240 406 1668 493 Hammonius
1722 407 2126 473 incredibiles
2164 419 2196 469 2

210 497 370 561 mihi
435 497 695 582 gratias
741 519 857 582 per
926 498 1178 562 litteras
1241 497 1377 583 egit
1438 501 1505 562 et
1564 516 1682 562 suo
1746 500 1812 560 et
1867 495 2129 561 Aemilii

210 585 500 669 Avianii,
562 587 824 670 patroni
887 586 1014 671 sui,
1075 585 1364 651 nomine.
1435 606 1555 650 nec
1615 585 1944 650 liberalius
2008 605 2129 650 nec

209 673 740 740 honorificentius
784 675 1077 760 potuisse
1116 674 1384 739 tractari
1436 695 1557 738 nec
1602 695 1670 739 se
1723 676 2129 759 praesentem

210 783 332 827 nec
377 784 514 828 rem
557 763 944 828 familiarem
989 762 1279 829 absentis
1333 762 1596 848 patroni
1640 762 1758 827 sui.
1847 761 1924 826 Id
1968 761 2129 826 mihi

212 873 412 935 quum
474 850 845 916 iucundum
889 855 989 916 est
1050 872 1272 916 eorum
1326 872 1548 936 causa,
1610 871 1773 935 quos
1825 850 1948 916 tibi
2006 870 2128 936 ego

212 951 465 1004 summa
526 940 998 1007 necessitudine
1062 943 1129 1004 et
1192 961 1443 1004 summa
1505 939 1958 1004 coniunctione
2020 938 2129 1003 ad-

213 1027 445 1093 ductus
510 1029 1132 1112 commendaveram,
1197 1027 1368 1113 quod
1429 1026 1518 1092 M.
1581 1027 1897 1093 Aemilius
1943 1044 2129 1092 ‘unus

213 1121 314 1182 est
367 1137 445 1181 ex
498 1117 659 1182 meis
718 1116 1238 1182 familiarissimis
1304 1120 1497 1200 atque
1548 1116 1797 1181 intimis
1854 1116 2129 1180 maxime

213 1205 644 1289 necessarius,
703 1205 900 1271 homo
965 1210 1032 1271 et
1093 1205 1349 1291 magnis
1413 1204 1573 1269 meis
1635 1203 1961 1270 beneficiis
2024 1203 2130 1268 de-

215 1293 470 1380 vinctus
515 1298 583 1358 et
625 1314 826 1379 prope
871 1294 1189 1378 omnium,
1243 1293 1354 1378 qui
1398 1293 1558 1357 mihi
1613 1292 1842 1358 debere
1889 1291 2132 1377 aliquid

215 1381 534 1466 videntur,
580 1383 1013 1468 gratissimus,
1055 1386 1199 1447 tum
1243 1382 1449 1447 multo
1495 1380 1835 1446 iucundius
1881 1385 1946 1445 te
1992 1392 2131 1446 esse

214 1471 286 1535 in
340 1492 442 1535 me
496 1471 615 1535 tali
669 1473 1029 1556 voluntate,
1085 1473 1162 1535 ut
1214 1471 1363 1555 plus
1414 1470 1625 1555 prosis
1679 1469 1902 1534 amicis
1955 1469 2134 1554 meis,

216 1581 413 1644 quam
458 1579 580 1645 ego
623 1581 929 1645 praesens
962 1560 1240 1626 fortasse
1275 1558 1663 1643 prodessem,
1708 1558 1916 1642 credo,
1961 1558 2134 1642 quod

218 1648 428 1733 magis
475 1668 596 1734 ego
644 1649 1032 1733 dubitarem,
1086 1646 1240 1733 quid
1284 1648 1544 1713 illorum
1598 1668 1793 1712 causa
1835 1645 2134 1732 facerem,

219 1758 415 1820 quam
474 1741 550 1801 tu
563 1788 581 1822 ,
644 1736 797 1822 quid
859 1758 1021 1802 mea.
1112 1734 1239 1801 Sed
1300 1736 1427 1801 hoc
1488 1756 1624 1802 non
1687 1734 1912 1800 dubito
1976 1735 2135 1819 quin
2170 1744 2204 1794 3

218 1825 553 1891 existimes·
591 1826 750 1891 mihi
796 1848 934 1892 esse
981 1829 1267 1912 gratum:
1319 1825 1480 1891 illud
1525 1827 1591 1890 te
1635 1844 1823 1911 rogo,
1867 1828 1944 1890 ut
1986 1824 2134 1890 illos

220 1936 474 2000 quoque
531 1918 752 2001 gratos
807 1937 944 1981 esse
996 1915 1294 1980 homines
1346 1918 1562 1999 putes,
1624 1913 1797 1999 quod
1848 1914 1943 1978 ita
1996 1934 2137 1978 esse

217 2003 341 2068 tibi
394 2004 706 2088 promitto
761 2007 954 2089 atque
1009 2003 1336 2069 confirmo.
1426 2002 1637 2079 Quare
1681 2002 1901 2086 velim,
1955 2002 2137 2086 quid·
2185 2055 2189 2060 .

221 2091 377 2176 quid
429 2092 676 2158 habent
727 2093 1002 2178 negotii,
1055 2092 1165 2157 des
1222 2113 1510 2176 operam,
1574 2090 1746 2175 quod
1800 2089 2136 2156 commodo

219 2184 338 2245 tuo
382 2179 522 2265 fiat,
567 2185 643 2245 ut
685 2185 751 2246 te
797 2181 1131 2247 obtinente
1177 2179 1491 2244 Achaiam
1539 2179 1954 2245 conficiant.
1987 2177 2135 2281 Ego
2172 2187 2201 2236 Δ

224 2289 373 2333 cum
424 2272 540 2335 tuo
598 2267 820 2335 Servio
883 2267 1348 2334 iucundissimo
1412 2268 1937 2333 coniunctissime
1989 2267 2138 2332 vivo

224 2377 656 2443 magnamque
694 2380 893 2444 quum
929 2379 1006 2422 ex
1041 2357 1307 2445 ingenio
1346 2357 1482 2421 eius
1521 2356 1959 2442 singularique
2006 2358 2138 2420 stu-

223 2445 360 2532 dio,
411 2450 555 2512 tum
599 2468 677 2511 ex
720 2447 959 2512 virtute
1005 2449 1072 2511 et
1113 2445 1438 2529 probitate
1482 2445 1882 2530 voluptatem
1935 2443 2139 2529 capio.

995 2638 1288 2706 XXVIII
1307 2662 1363 2705 a.

744 2752 858 2807 Ser.
914 2752 1127 2808 Romae
1184 2768 1234 2807 a.
1289 2768 1350 2806 u.
1398 2767 1448 2807 c.
1506 2755 1625 2806 ⁷08.

809 2874 1066 2931 CICERO
1104 2872 1369 2930 SERVIO
1409 2873 1560 2929 SAL.

359 2974 507 3041 Etsi
550 2975 828 3041 libenter
871 2978 1089 3060 petere
1134 2997 1176 3039 a
1207 2978 1274 3038 te
1312 2974 1508 3059 soleo,
1552 2973 1607 3038 si
1645 2972 1799 3058 quid
1835 2992 1998 3056 opus
2045 2974 2144 3036 est
2178 2980 2210 3029 1

223 3085 520 3131 meorum
555 3064 854 3149 cuipiam,
897 3066 1119 3129 tamen
1153 3063 1361 3128 multo
1395 3062 1703 3127 libentius
1743 3061 1987 3147 gratias
2023 3059 2143 3125 tibi

223 3174 374 3240 age,
409 3175 608 3238 quum
643 3153 857 3218 fecisti
893 3151 1135 3236 aliquid
1173 3150 1730 3217 commendatione
1764 3171 1928 3233 mea,
1973 3148 2145 3234 quod

225 3263 483 3346 semper
525 3242 715 3326 facis;
767 3241 1141 3306 incredibile
1189 3243 1289 3305 est
1332 3260 1532 3324 emm,
1586 3259 1747 3322 quas
1792 3238 1954 3302 1111111
1999 3257 2144 3325 gra·

368 3451 474 3523 Ep.
512 3458 599 3519 27,
627 3457 678 3509 8.
723 3450 962 3507 Avianii
998 3449 1150 3520 (W.).
1224 3447 1541 3502 Avianiami
1566 3444 1641 3501 M.
1704 3443 1919 3499 Aviani
1952 3442 2143 3511 vulgo.

224 3553 297 3567 -
327 3524 653 3596 prodessem,
689 3523 846 3578 credo
885 3521 1033 3590 (W.).
1097 3534 1223 3589 pr..-
1258 3533 1303 3573 c.
1339 3517 1530 3588 vulgo.
