2338 3691
246 134 336 199 50
815 131 890 187 M.
929 130 1179 196 TULLJJ
1215 129 1597 188 CICERONIS

245 279 418 344 illius
447 276 987 342 existimationem
1023 298 1162 342 esse
1198 277 1446 361 vellem,
1482 279 1633 361 post
1668 276 1793 342 hoc
1825 277 2168 362 negotium

247 370 464 432 autem
509 368 576 431 et
616 365 1047 431 temeritatem
1100 365 1308 432 nostri
1361 364 1739 430 Dolabellae
1794 365 2166 450 deprecato-

177 469 209 518 3
246 477 384 520 rem
427 475 531 519 me
575 476 693 541 pro
730 454 904 519 illius
939 454 1226 539 periculo
1262 454 1561 539 praebeo.
1630 453 1797 519 Erat
1830 454 1902 519 in
1937 453 2168 519 eadem

247 544 521 629 epistola
553 546 890 629 „veternus
927 541 1270 608 civitatis“·
1318 543 1681 628 gaudebam
1717 564 1871 608 sane
1908 546 1975 608 et
2012 564 2166 609 con-

247 633 496 719 gelasse
557 635 855 698 nostrum
918 632 1196 697 amicum
1256 632 1549 696 laetabar
1609 631 1761 698 otio.
1849 631 2167 698 Extrema

244 722 502 807 pagella
561 722 843 808 pupugit
902 742 1005 787 me
1066 724 1183 786 tuo
1248 719 1699 808 chirographo.
1789 719 1957 798 Quid
2020 720 2165 786 ais?

248 808 587 887 Caesarem
639 831 816 877 nunc
868 809 1158 876 defendit
1202 807 1441 876 Curio?
1505 810 1649 896 quis
1710 809 1837 876 hoc
1897 812 2167 912 putarat

244 903 501 984 praeter
553 898 701 965 me?
764 921 946 983 nam,
997 900 1092 964 ita
1148 899 1387 983 vivam,
1439 899 1683 984 putavi.
1770 898 1858 964 Di
1898 899 2164 969 immor-

244 989 452 1054 tales?
498 1010 692 1073 quam
729 1009 850 1074 ego
888 989 1088 1053 risum
1125 991 1423 1053 nostrum
1457 987 1774 1054 desidero!
1820 987 1979 1053 mihi
2019 991 2166 1054 erat

243 1077 316 1142 in
360 1077 601 1163 animo,
645 1077 953 1162 quonia-m
995 1077 1505 1143 iurisdictionem
1542 1076 1963 1161 confeceram,
2008 1076 2162 1143 civi-

242 1169 411 1231 tates
446 1167 929 1252 locupletam,
965 1166 1329 1251 publicanis
1366 1165 1563 1232 etiam
1597 1165 1945 1251 superioris
1968 1165 2164 1231 lustri

243 1256 490 1340 reliqua
531 1256 669 1322 sine
707 1256 1027 1322 sociorum
1062 1255 1199 1320 ulla
1234 1254 1496 1341 querela
1529 1276 1996 1339 consewm,
2029 1254 2161 1340 pri-

242 1345 410 1410 vatis
420 1396 438 1429 ,
501 1344 766 1411 summis
819 1344 1085 1429 infimis,
1136 1344 1389 1410 fueram
1441 1344 1785 1429 iucundus,
1838 1343 2163 1429 proficisci

243 1433 315 1498 in
360 1432 651 1500 Ciliciam
693 1432 905 1500 Nonis
948 1432 1140 1499 Maiis
1197 1435 1290 1518 et,
1336 1454 1534 1517 quum
1577 1433 1857 1518 primum
1910 1432 2161 1498 aestiva

243 1523 607 1608 attigissem
659 1522 703 1603 †
723 1523 1193 1624 militaremque
1248 1522 1656 1607 collocarem,
1721 1521 2025 1588 decedere
2081 1542 2163 1586 ex

243 1615 506 1676 senatus
552 1611 876 1677 consulto.
933 1611 1122 1695 cupio
1168 1615 1236 1676 te
1281 1611 1553 1677 aedilem
1605 1610 1821 1678 videre
1865 1610 2159 1695 miroque

243 1698 557 1766 desiderio
612 1720 715 1765 me
768 1699 923 1766 urbs
978 1699 1186 1766 afficit
1246 1702 1314 1767 et
1366 1720 1591 1766 omnes
1653 1700 1782 1766 mei
1832 1702 2033 1786 tuque
2087 1699 2162 1765 in

241 1787 485 1876 primis.

1107 1983 1288 2050 XIV.

481 2093 596 2151 Ser.
633 2094 944 2153 Laodiceae
981 2112 1173 2153 mense
1208 2096 1515 2152 Februario
1551 2112 1601 2153 a.
1630 2114 1686 2153 u.
1716 2113 1762 2153 c.
1795 2103 1914 2153 ⁷04.

368 2219 456 2276 M.
495 2218 752 2277 CICERO
789 2222 938 2276 IMP.
978 2221 1032 2278 S.
1069 2221 1137 2277 D.
1174 2221 1250 2276 M.
1288 2220 1549 2277 CAELIO
1588 2221 1839 2277 AEDILI
1874 2221 2032 2279 CUR.

171 2333 199 2384 1
371 2319 459 2385 M.
503 2319 726 2406 Fadio,
768 2322 907 2389 viro
945 2322 1191 2408 optimo
1229 2325 1296 2387 et
1328 2321 1591 2388 homine
1627 2322 2017 2409 doctissimo,
2058 2322 2155 2389 fa·

237 2408 667 2477 miliarissime
712 2414 863 2477 utor
906 2412 1298 2514 mirificeque
1343 2432 1492 2477 eum
1527 2411 1727 2498 diligo
1764 2434 1963 2497 quum
2005 2434 2154 2497 pro-

235 2502 384 2585 pter
411 2521 734 2566 summum
757 2500 1096 2586 ingenium
1131 2500 1269 2566 eius
1305 2522 1745 2586 summamque
1775 2501 2154 2587 doctrinam,

235 2591 379 2655 tum
421 2592 690 2674 propter
733 2589 1129 2675 singularem
1172 2589 1580 2656 modestiam.
1635 2589 1773 2657 eius
1815 2590 2154 2677 negotium

238 2678 330 2744 sic
373 2678 568 2743 velim
613 2677 944 2763 suscipias,
988 2681 1063 2743 ut
1106 2678 1162 2744 si
1208 2681 1378 2744 esset
1420 2701 1524 2745 res
1569 2701 1729 2745 mea.
1809 2677 1984 2746 Novi
2028 2699 2151 2766 ego

235 2788 380 2852 vos,
441 2787 715 2853 magnos
777 2769 1117 2851 patronos·
1179 2767 1512 2834 hominem
1565 2768 1816 2835 occidat
1878 2771 2152 2855 oportet,

237 2856 349 2940 qui
393 2859 612 2921 vestra
656 2877 855 2941 opera
897 2856 998 2920 uti
1040 2856 1223 2942 velit3
1268 2856 1382 2923 sed
1425 2858 1497 2923 in
1537 2857 1665 2924 hoc
1707 2857 1969 2924 homine
2008 2858 2151 2923 nul-

235 2945 367 3009 lam
413 2945 658 3031 accipio
704 2945 1209 3011 excusationem:
1266 2946 1483 3012 omnia
1533 2946 1887 3033 relinques,
1939 2946 1996 3012 si
2048 2967 2150 3011 me

376 3137 480 3207 Ep.
520 3144 604 3207 18,
633 3144 683 3195 3.
756 3139 1029 3210 privatis,
1063 3140 1290 3196 smmis
1323 3140 1557 3208 infimis,
1590 3140 1633 3208 f.
1672 3139 1825 3209 (Wn)
1901 3139 2152 3266 fflvatic

235 3223 278 3264 ε.
314 3209 353 3263 i.
400 3210 441 3275 f.
490 3208 551 3263 B.
599 3240 671 3251 --
714 3226 882 3281 quum
914 3212 1165 3281 primum
1209 3211 1418 3281 (Mam.)
1509 3227 1632 3267 eum
1667 3212 1860 3281 prima

236 3283 334 3334 att.
378 3280 819 3351 †militaremque
864 3283 1197 3339 conlocaram
1242 3282 1461 3352 (MW.).
1547 3287 1644 3339 att.
1691 3299 1904 3353 remque
1946 3283 2141 3338 milita

236 3365 348 3405 rem
384 3350 718 3406 collocassem
755 3352 889 3422 (W.)
935 3356 1037 3408 aut
1081 3372 1132 3409 a.
1169 3354 1566 3424 militaremque
1610 3369 1653 3410 c.
1701 3371 1813 3410 rem
1850 3353 1985 3423 (W.)
2032 3354 2150 3421 aut,

237 3421 304 3473 ut
337 3420 533 3490 vulgo,
580 3438 631 3475 a
668 3439 737 3478 m.
776 3439 888 3478 rem
921 3425 1273 3483 collocassem.
1347 3441 1400 3482 a.
1436 3441 1549 3482 rem
1583 3424 1978 3495 muita-remque
2024 3440 2155 3484 oon-

237 3489 491 3545 locassem
519 3463 727 3554 klotz..
765 3493 828 3548 B.
