2338 3691
243 124 376 188 432
412 142 417 145 ’
811 125 884 178 Μ.
926 125 1172 180 TULLII
1211 123 1592 180 CICERONIS

90 308 103 329 κ
175 282 207 332 2
246 268 373 335 Sed
417 273 636 335 tamen
682 268 877 334 iidem
921 292 1024 334 me
1084 271 1503 335 consolantur
1558 270 1779 334 etiam:
1832 269 2171 334 hominem

244 363 577 443 perustum
624 359 977 423 etiamnum
1024 359 1232 444 gloria
1285 360 1515 424 volunt
1568 358 1910 425 incendere
1966 361 2168 441 atque

244 448 337 511 ita
381 448 760 531 loquuntur:

333 566 421 654 μὴ
469 567 604 678 μὰν
649 565 979 636 ἀσπουδεί
1015 594 1090 655 γε
1134 568 1245 636 καὶ
1291 564 1567 647 ἀκλειῶς
1612 564 2018 654 ἀπολοίμην,

334 653 500 723 ἄλλα
548 657 714 743 μέγα
762 658 950 744 ῥέξας
991 683 1056 724 τι
1100 658 1213 725 καὶ
1260 657 1680 743 ἐσσομένοισι
1726 657 2093 724 πυθέσθαι.

245 781 370 848 Sed
415 784 630 849 minus
683 785 833 863 iam,
858 788 1148 869 movent,
1203 787 1278 849 ut
1320 785 1516 849 vides,
1606 783 1834 867 Itaque
1890 783 1972 848 ab
2027 782 2165 847 Ho-

242 873 403 936 meri
448 873 1005 957 magniloquentia
1042 874 1305 944 confero
1343 894 1446 939 me
1493 873 1574 937 ad
1619 894 1774 938 vera
1816 876 2166 958 praecepta

242 954 648 1046 Εὐριπίδου·

332 1085 502 1168 μισῶ
550 1081 902 1169 σοφιστήν,
948 1081 1131 1162 ὅστις
1178 1080 1301 1169 οὐχ
1347 1079 1526 1173 αὐτῷ
1577 1079 1815 1168 σοφός·

244 1230 434 1293 quem
479 1232 734 1275 versum
781 1232 975 1277 senex
1018 1208 1328 1275 Precilius
1373 1210 1599 1275 laudat
1644 1211 1901 1296 egregie
1957 1213 2024 1274 et
2070 1211 2165 1274 ait

242 1320 430 1382 posse
487 1300 760 1365 eundem
824 1303 890 1364 et
952 1294 1087 1382 ἅμα
1141 1295 1412 1385 πρόσσω
1466 1297 1577 1363 καὶ
1633 1292 1888 1364 ὀπίσσω
1943 1298 2161 1364 videre

243 1391 311 1451 et
352 1391 572 1453 tamen
616 1389 822 1453 nihilo
868 1389 1083 1453 minus

331 1509 478 1577 αἰὲν
524 1507 900 1598 ἀριστεύειν
943 1510 1054 1578 καὶ
1099 1508 1462 1597 ὑπείροχον
1507 1513 1782 1596 ἔμμεναι
1829 1506 2072 1578 ἄλλων.

173 1649 205 1698 3
245 1635 388 1722 Sed,
432 1642 508 1702 ut
549 1641 807 1705 redeam
845 1638 926 1702 ad
962 1638 1048 1722 id,
1091 1637 1265 1702 unde
1304 1638 1504 1722 coepi,
1548 1637 1963 1701 vehementer
2000 1637 2190 1713 mihi

245 1731 503 1811 gratum
555 1728 811 1811 feceris,
875 1728 929 1791 si
981 1726 1156 1791 hunc
1222 1726 1692 1792 adolescentem
1753 1726 2160 1790 humanitate

243 1819 376 1901 tua,
422 1837 585 1900 quae
632 1820 732 1883 est
786 1817 1158 1902 singularis,
1214 1816 1772 1901 comprehenderis
1829 1818 1895 1881 et
1948 1815 2031 1880 ad
2076 1816 2160 1901 id,

246 1905 417 1988 quod
472 1906 760 1992 ipsorum
812 1905 1231 1971 Preciliorum
1286 1927 1480 1971 causa
1533 1910 1598 1971 te
1653 1907 1815 1971 velle
1862 1905 2159 1989 arbitror,

246 1993 579 2059 addideris
610 1995 936 2060 cumulum
992 1996 1567 2060 commendationis
1621 2017 1817 2059 meae.
1909 1992 2159 2059 Genere

245 2103 414 2148 novo
461 2105 603 2149 sum
646 2085 1008 2149 litterarum
1045 2085 1126 2147 ad
1163 2087 1228 2147 te
1265 2106 1438 2169 usus,
1483 2088 1556 2149 ut
1590 2084 1985 2169 intelligeres
2023 2105 2159 2147 non

244 2172 577 2258 vulgarem
623 2194 759 2238 esse
807 2173 1448 2238 commendationem.

1109 2384 1289 2451 XVI.

562 2505 676 2561 Scr.
716 2508 957 2562 Asturae
992 2523 1183 2562 mense
1219 2506 1404 2577 Aprili
1439 2523 1488 2562 a.
1527 2525 1581 2561 u.
1620 2524 1666 2561 c.
1706 2512 1827 2563 709.

803 2647 1059 2704 CICERO
1098 2647 1407 2703 CAESARI
1444 2648 1595 2704 SAL.

175 2769 203 2817 1
375 2756 446 2823 P.
510 2755 812 2823 Crassum
876 2779 953 2822 ex
1026 2758 1205 2823 omni
1270 2758 1610 2825 nobilitate
1684 2758 2159 2825 adolescentem

244 2846 436 2912 dilexi
488 2848 862 2931 plurimum,
926 2850 992 2911 et
1045 2847 1122 2911 de
1179 2869 1254 2912 eo
1310 2870 1509 2931 quum
1563 2848 1646 2912 ab
1700 2848 1965 2914 ineunte
2021 2851 2157 2914 eius

244 2940 456 3001 aetate
519 2937 684 3000 bene
738 2936 1184 3022 speravissem‚
1246 2940 1387 3001 tum
1447 2937 1727 3021 perbene
1792 2937 2158 3002 existimare

244 3026 426 3108 coepi
447 3025 694 3090 eximiis
720 3023 988 3105 iudiciis,
1017 3045 1180 3106 quae
1200 3023 1278 3088 de
1297 3045 1371 3090 eo
1391 3024 1653 3105 feceras,
1672 3024 1968 3105 cognitis.
1996 3026 2157 3091 Eius

243 3112 543 3178 libertum
589 3111 1010 3196 Apollonium
1055 3112 1188 3176 iam
1231 3114 1373 3177 tum
1428 3113 1749 3199 equidem,
1804 3136 2004 3198 quum
2047 3117 2158 3180 ille

244 3200 505 3283 viveret,
550 3205 616 3265 et
659 3203 882 3286 magni
926 3200 1242 3266 faciebam
1280 3205 1344 3265 et
1378 3202 1763 3287 probabam3
1807 3206 1948 3268 erat
1984 3206 2158 3269 enim

248 3289 312 3348 et
358 3288 682 3355 studiosus
729 3288 944 3355 Crassi
989 3293 1055 3354 et
1098 3290 1179 3355 ad
1228 3291 1363 3356 eius
1420 3293 1666 3377 optima
1711 3292 1924 3358 studia
1967 3294 2157 3361 vehe-

384 3403 483 3470 ΕΡ.
524 3412 615 3473 16,
658 3414 703 3461 1.
777 3414 828 3463 et
863 3410 927 3464 de
963 3425 1020 3463 eo
1058 3411 1180 3479 (L.).
1253 3417 1304 3466 et
1338 3428 1405 3467 ex
1450 3429 1509 3467 eo
1545 3414 1674 3467 ΜΒ.
1716 3444 1782 3452 -
1820 3418 1935 3467 twm
1979 3427 2158 3480 „uper

246 3473 441 3537 optime
476 3476 626 3528 exist.
693 3478 947 3546 (Krause;
984 3482 1046 3535 L.
1086 3487 1202 3535 twm
1228 3489 1336 3552 opt.
1375 3485 1587 3552 exist.)?
1624 3490 1740 3539 tum
1765 3500 1871 3552 per
1896 3500 1978 3537 me
2004 3500 2045 3535 e.
2078 3481 2153 3535 M.

245 3542 494 3609 (perbene
513 3544 675 3612 Sch.).
697 3578 763 3586 —
783 3551 997 3605 eximiis
1016 3553 1201 3618 (Klotz
1222 3556 1280 3608 et
1297 3555 1543 3621 Krause).
1581 3553 1719 3609 exiis
1758 3554 1832 3611 M.
1852 3555 1925 3608 iis
1943 3553 2156 3622 (Ern.)?
