2338 3691
183 110 285 165 DE
316 110 724 166 PETITIONE
752 109 1054 165 CONSUL.
1082 108 1181 163 AD
1208 107 1283 162 M.
1314 101 1673 165 FRATREM
1692 117 1809 165 24·-
1831 119 1915 166 31.
1981 111 2110 175 653

182 255 299 339 qui
344 255 626 339 incipiat
669 254 996 319 Antonius
1038 253 1336 319 homines
1374 253 1731 340 adiungere
1777 258 1968 339 atque
2013 257 2108 320 in-

185 344 392 408 vitare
440 343 525 408 ad
568 344 935 425 amicitiam,
972 364 1134 425 quos
1172 364 1287 426 per
1322 364 1389 407 se
1428 365 1545 408 suo
1587 343 1847 408 nomine
1894 346 2107 428 appel-

182 432 319 495 lare
366 454 509 497 non
555 431 806 516 possit?
850 432 1012 495 mihi
1056 430 1316 515 quidem
1361 431 1524 496 nihil
1560 433 1821 496 stultius
1858 433 2109 502 videtur

180 541 382 603 quam
429 520 802 585 existimare
839 541 975 584 esse
1012 540 1158 584 eum
1198 520 1555 584 studiosum
1587 521 1703 605 tui,
1750 542 1938 604 quem
1974 542 2108 585 non

179 609 378 673 noris,
481 608 815 672 Eximiam
873 608 1197 691 quandam
1260 609 1533 693 gloriam
1598 613 1664 673 et
1726 609 2108 694 dignitatem

177 717 255 760 ac
309 718 541 762 rerum.
598 701 924 781 gestarum
977 697 1493 781 magnitudinem
1546 718 1683 761 esse
1740 701 1995 781 oportet
2037 700 2109 761 in

182 806 288 868 eo,
343 807 550 869 quem
594 785 887 850 homines
947 785 1158 869 ignoti
1203 785 1398 849 nullis
1444 785 1947 870 suffragantibus
1992 786 2107 851 ho-

182 894 343 937 nore
381 874 708 956 afficiant3
753 876 828 937 ut
863 874 1120 957 quidem
1155 873 1351 938 homo
1393 895 1688 957 nequam,
1731 874 1923 957 inerS,
1968 875 2107 938 sine

182 961 432 1047 officio,
497 962 643 1027 sine
706 963 998 1047 ingenio,
1060 982 1207 1026 cum
1269 961 1563 1045 infamia,
1625 963 1822 1026 nullis
1886 963 2105 1027 amicis

183 1049 524 1115 hominem
587 1050 1010 1134 plurimorum
1075 1049 1287 1128 studio
1345 1053 1537 1134 atque
1592 1051 1881 1115 omnium
1934 1050 2109 1115 bona

186 1139 672 1203 existimatione
699 1139 1021 1203 munitum
1048 1142 1439 1222 praecurrat,
1476 1139 1615 1202 sine
1651 1160 1891 1223 magna
1918 1140 2108 1223 culpa

187 1226 634 1312 negligentiae
686 1227 826 1292 fieri
877 1248 1014 1291 non
1069 1230 1305 1309 potest.
1396 1225 1828 1302 Quamobrem
1883 1248 2106 1292 omnes
2134 1218 2186 1323 ἐξ

190 1317 519 1380 centurias
566 1316 786 1380 multis
841 1320 907 1379 et
950 1315 1144 1380 variis
1199 1315 1497 1379 amicitiis
1553 1336 1706 1379 cura
1759 1318 1835 1379 ut
1879 1315 2106 1380 confir-

189 1405 400 1468 matas
455 1404 720 1469 habeas,
818 1403 909 1467 Et
960 1404 1267 1487 primum,
1328 1403 1395 1467 id
1449 1403 1622 1487 quod
1681 1407 1831 1467 ante
1887 1405 2107 1468 oculos

190 1495 307 1574 est,
354 1495 688 1557 senatores
735 1492 1106 1575 equitesque
1144 1490 1494 1575 RomanoS,
1539 1494 1896 1556 ceterorum
1941 1492 2107 1556 ordi-

190 1600 345 1644 num
373 1603 583 1645 navos
609 1581 906 1644 homines
943 1582 1010 1643 et
1045 1580 1366 1664 gratiosos
1404 1581 1843 1664 complectere.
1914 1580 2106 1645 Multi

187 1666 490 1733 homines
545 1669 779 1732 urbani
840 1668 1168 1751 industrii,
1229 1669 1419 1732 multi
1451 1668 1767 1732 -libertini
1828 1668 1899 1732 in
1960 1669 2104 1733 foro

193 1758 465 1838 gratiosi
519 1757 796 1839 navique
850 1760 1214 1821 versantur:
1274 1777 1436 1840 quos
1489 1778 1606 1841 per
1648 1760 1742 1841 te,
1786 1778 1946 1839 quos
1992 1779 2107 1841 per

195 1863 567 1911 communes
623 1847 862 1910 amicos
915 1847 1188 1930 poteris,
1243 1867 1494 1911 summa
1540 1867 1719 1929 cura,
1772 1850 1848 1910 ut
1892 1847 2106 1930 cupidi

193 1933 290 1997 tui
335 1935 487 2018 sint,
533 1935 890 1999 elaborato:
938 1935 1246 2018 appetito,
1282 1935 1582 2020 allegatO,
1628 1956 1877 1999 summo
1913 1934 2105 1999 bene-

192 2012 340 2085 ficio
393 2026 461 2085 te
517 2023 686 2085 affici
742 2022 1083 2088 ostendito.
1180 2023 1431 2087 Deinde
1485 2023 1723 2088 habeto
1787 2022 2105 2088 rationem
2134 2041 2185 2080 ³⁰

193 2107 375 2172 urbis
419 2110 647 2173 totius:
692 2111 1110 2195 collegiorum
1156 2111 1464 2193 omnium,
1507 2132 1842 2196 pagorum,
1886 2111 2106 2175 vicini-

186 2198 439 2260 tatum:
495 2219 572 2261 ex
624 2198 703 2261 iis
749 2200 1070 2283 principes
1125 2199 1207 2263 ad
1263 2199 1610 2263 amicitiam
1662 2203 1843 2263 tuam
1898 2200 1952 2263 si
1999 2200 2106 2263 ad-

194 2283 502 2368 iunxeris,
545 2307 660 2369 per
697 2308 805 2351 eos
841 2288 1155 2371 reliquam
1192 2287 1670 2352 multitudinem
1705 2287 1895 2351 facile
1930 2290 2105 2352 tene·

193 2369 311 2436 bis.
418 2373 656 2439 Postea
716 2379 925 2440 totam
988 2376 1247 2440 Italiam
1308 2377 1413 2439 fac
1475 2379 1550 2439 ut
1618 2376 1689 2439 in
1752 2375 1967 2440 animo
2032 2397 2107 2440 ac

194 2463 505 2527 memoria
549 2464 843 2529 tributim
880 2464 1268 2548 descriptam
1305 2463 1957 2547 comprehensamque
1994 2464 2105 2528 ha—

193 2545 366 2633 beas,
409 2572 494 2616 ne
542 2553 713 2635 quod
748 2552 1191 2636 municipium,
1238 2552 1575 2635 coloniam,
1618 2553 2108 2636 praefecturam,

192 2633 408 2702 locum
472 2640 746 2724 denique
810 2640 1038 2706 Italiae
1101 2662 1185 2705 ne
1251 2662 1440 2724 quem
1500 2662 1639 2705 esse
1702 2641 1975 2725 patiare,
2038 2641 2109 2704 in

104 2732 109 2737 '
196 2744 321 2806 quo
367 2748 506 2792 non
550 2728 793 2793 habeas
838 2729 1229 2793 firmamenti
1275 2729 1446 2812 quod
1493 2729 1653 2793 satis
1700 2750 1837 2793 esse
1883 2726 2128 2813 possit,''

193 2816 526 2898 perquiras
581 2819 648 2880 et
699 2817 1051 2902 investiges
1105 2817 1401 2882 homines
1457 2839 1535 2881 ex
1589 2818 1767 2882 omni
1825 2818 2106 2902 regione,
2134 2843 2186 2884 31

195 2920 427 2987 eosque
475 2924 857 2989 cognoscaS,
903 2908 1171 2989 appetas
1183 2956 1199 2988 ,
1244 2905 1612 2989 confirmes,
1658 2927 1866 2989 cureS,
1919 2908 1994 2969 ut
2037 2906 2108 2969 in
2158 2953 2161 2957 .

196 2989 327 3054 suis
389 2991 831 3057 vicinitatibus
893 2995 1015 3058 tibi
1076 2997 1306 3077 petant
1368 2997 1435 3058 et
1494 2997 1610 3059 tua
1674 3015 1869 3058 causa
1924 2995 2108 3077 quasi

195 3079 519 3144 candidati
576 3081 724 3144 sint.
814 3080 1058 3146 Volent
1108 3084 1176 3145 te
1231 3083 1533 3165 amicum,
1597 3082 1653 3146 si
1707 3104 1890 3147 suam
1949 3103 1988 3144 a
2040 3085 2105 3145 te

194 3165 540 3231 amicitiam
597 3169 807 3254 expeti
862 3170 1197 3234 videbunt:
1261 3170 1326 3233 id
1381 3175 1456 3234 ut
1513 3170 1911 3254 intelligant,
1968 3191 2105 3233 ora-

193 3251 368 3320 tione
417 3279 520 3340 ea,
566 3279 729 3341 quae
776 3258 858 3321 ad
903 3280 1046 3323 eam
1091 3257 1412 3323 rationem
1457 3259 1764 3341 pertinet,
1808 3256 2107 3321 habenda

332 3453 383 3515 8,
412 3453 498 3502 31.
545 3450 843 3519 perquiras
868 3455 920 3504 et
947 3449 1123 3519 (Eril).
1193 3465 1251 3517 p.
1288 3448 1454 3502 etiam
1480 3447 1669 3516 vulgo.
