2338 3691
711 158 1231 214 EPISTOLARUM
1269 160 1361 214 XI.
1404 165 1484 214 27.
1525 167 1606 215 es.
1992 160 2121 223 373

205 304 531 389 quoniam,
573 308 648 368 ut
683 305 875 388 volui,
923 305 1052 370 scio
1092 327 1250 389 esse,
1286 307 1688 390 respondebo
1729 306 2122 391 criminibuS,

205 393 439 477 quibus
485 397 558 458 tu
604 415 721 477 pro
768 416 889 478 me,
933 397 1008 458 ut
1050 416 1171 478 par
1224 399 1363 459 erat
1417 399 1531 459 tua
1579 395 1892 480 singulari
1937 395 2119 460 boni-

203 485 340 547 tate
389 485 454 547 et
499 481 780 547 amicitia
822 484 1067 567 nostra,
1113 505 1303 568 saepe
1338 484 1653 548 restitisti.
1725 482 1902 548 Nota
1948 485 2119 548 enim
2156 494 2187 543 2

166 570 365 635 .mihi
412 575 581 654 sunt,
627 593 790 655 quae
834 572 905 636 in
950 593 1050 636 me
1105 576 1257 657 post
1312 571 1603 638 Caesaris
1649 576 1923 638 mortem
1971 593 2118 638 con·

203 660 496 724 tulerintt
543 660 701 726 vitio
738 660 896 725 mihi
934 661 1110 745 dant,
1155 662 1327 746 quod
1372 666 1648 728 mortem
1682 662 1963 726 hominis
2009 683 2118 726 ne·

205 748 468 814 cessarii
496 750 777 835 graviter
811 749 950 816 fero
981 754 1174 834 atque
1203 773 1368 835 eum,
1406 773 1596 835 quem
1632 750 1841 835 dilexi,
1877 750 2119 834 perisse

202 838 536 924 indignor3
591 839 775 903 aiunt
818 839 990 903 enim
1033 840 1312 926 patriam
1359 840 1676 905 amicitiae
1720 861 2118 924 praeponen-

203 927 356 991 dam
402 949 567 1012 esse,
620 927 888 1013 proinde
944 949 1020 994 ac
1065 929 1120 993 si
1177 930 1309 993 iam
1354 929 1624 994 vicerint
1679 929 1925 993 obitum
1981 929 2117 993 eius

203 1017 300 1080 rei
342 1016 639 1102 publicae
692 1017 892 1082 fuisse
937 1018 1180 1082 utilem.
1271 1015 1396 1083 Sed
1450 1040 1585 1084 non
1633 1039 1823 1104 agam
1880 1021 2117 1082 astute:

201 1105 414 1171 fateor
467 1127 571 1170 me
623 1106 707 1170 ad
750 1106 948 1170 istum
1002 1107 1275 1191 gradum
1322 1107 1674 1191 sapientiae
1720 1128 1856 1171 non
1899 1127 2118 1190 perve-

203 1195 406 1279 nisse3
467 1215 676 1279 neque
739 1196 911 1260 enim
957 1193 1297 1261 Caesarem
1359 1196 1429 1260 in
1493 1195 1890 1260 dissensione
1946 1195 2117 1259 civili

205 1306 351 1348 sum
396 1287 670 1370 secutae,
714 1284 827 1349 sed
863 1285 1157 1369 amicum,
1204 1306 1591 1369 quamquam
1627 1306 1695 1348 re
1734 1283 2119 1367 offendebar,

204 1377 428 1438 tamen
481 1395 616 1438 non
669 1373 945 1458 deserui,
1008 1395 1216 1459 neque
1278 1374 1520 1438 bellum
1573 1395 1880 1457 umquam
1935 1373 2118 1437 civile

208 1466 324 1526 aut
369 1463 564 1527 etiam
609 1482 869 1528 causam
906 1463 1325 1528 dissensionis
1363 1463 1648 1546 probavi,
1695 1483 1887 1545 quam
1925 1461 2120 1526 etiam

204 1556 579 1616 nascentem
607 1552 931 1638 exstingui
960 1573 1206 1617 summe
1244 1552 1480 1617 studui.
1551 1550 1778 1634 Itaque
1814 1551 1885 1614 in
1920 1550 2118 1615 victo·

205 1640 306 1703 ria
347 1640 632 1705 hominis
683 1641 1027 1706 necessarii
1079 1662 1290 1726 neque
1344 1641 1610 1706 honoris
1665 1661 1873 1723 neque
1930 1661 2118 1722 pecu·

209 1728 357 1792 niae
401 1729 736 1794 dulcedine
783 1752 925 1794 sum
972 1734 1218 1814 captus,
1264 1730 1495 1814 quibus
1532 1728 1831 1814 praemiis
1872 1728 2120 1813 reliqui,

207 1818 421 1883 minus
479 1818 652 1904 apud
705 1840 851 1885 eum
898 1840 1091 1903 quam
1136 1839 1258 1905 ego
1306 1840 1503 1904 quum
1548 1820 1841 1904 possent,
1892 1818 2118 1883 immo·

206 1907 427 1972 derate
473 1912 626 1973 sunt
671 1909 873 1973 abusi.
944 1907 1160 1991 Atque
1207 1909 1403 1972 etiam
1447 1929 1550 1973 res
1594 1907 1930 1971 familiaris
1975 1929 2120 1971 mea

205 1996 350 2081 lege
388 1995 681 2062 Caesaris
717 1997 1047 2062 deminuta
1078 2001 1201 2079 est,
1246 1998 1425 2062 cuius
1460 1996 1773 2061 beneficio
1814 1996 2120 2097 plerique,

207 2085 320 2167 qui
366 2083 658 2150 Caesaris
702 2089 909 2152 morte
951 2086 1304 2169 laetantur,
1347 2089 1797 2150 remanserunt
1854 2086 1925 2148 in
1970 2085 2118 2148 civi-

207 2177 363 2237 tate.
472 2171 735 2239 Civibus
796 2175 983 2239 victis
1028 2178 1103 2238 ut
1148 2179 1543 2276 parceretur,
1606 2194 1806 2275 aeque
1872 2195 1945 2237 ac
1999 2195 2118 2257 pro

206 2282 354 2325 mea
399 2263 602 2327 salute
648 2263 954 2329 laboravi.
1023 2262 1301 2328 Possum
1341 2263 1559 2349 igitur,
1605 2263 1715 2347 qui
1752 2283 1975 2327 omnes
2012 2283 2118 2326 vo-

205 2350 436 2415 luerim
465 2351 869 2436 ,.incolumeS,
922 2373 1096 2435 eum,
1150 2374 1191 2416 a
1235 2373 1363 2436 quo
1415 2352 1484 2415 id
1535 2352 1953 2434 impetratum
2005 2355 2120 2435 est,

205 2439 449 2523 perisse
495 2461 630 2504 non
674 2440 1045 2526 indignari?
1103 2462 1300 2524 quum
1345 2441 1723 2524 praesertim
1766 2439 1961 2503 iidem
2005 2440 2118 2504 ho-

205 2528 413 2594 mines
457 2529 554 2592 illi
608 2531 676 2592 et
726 2529 1006 2598 invidiae
1060 2533 1126 2594 et
1180 2530 1373 2595 exitio
1428 2529 1688 2593 fuerint.
1777 2527 2119 2613 „Plecteris

208 2615 420 2702 ergo,“
471 2617 793 2702 inquiunt,
845 2618 1191 2704 „quoniam
1243 2619 1488 2683 factum
1533 2621 1829 2683 nostrum
1884 2618 2119 2717 impro-

206 2705 361 2769 bare
408 2705 659 2771 audes‚“
748 2704 803 2770 Ο
857 2707 1226 2789 superbiam
1270 2706 1654 2789 inauditam,
1701 2706 1861 2770 alios
1907 2705 1979 2769 in
2021 2704 2119 2769 fa-

208 2793 437 2858 cinore'
491 2794 782 2880 gloriari,
854 2796 997 2861 aliis
1056 2816 1139 2860 ne
1204 2796 1418 2860 dolere
1482 2796 1741 2879 quidem
1803 2793 2119 2877 impunite

205 2883 423 2948 licere!
495 2882 590 2948 At
623 2883 784 2948 haec
830 2884 1026 2949 etiam
1070 2885 1271 2949 servis
1309 2906 1562 2968 semper
1598 2883 1801 2948 libera
1838 2882 2121 2966 fuerunt,

202 2976 278 3037 ut
318 2972 647 3056 timerent,
703 2972 1084 3058 gauderent,
1142 2973 1438 3038 dolerent
1482 2994 1598 3038 suo
1652 2972 1870 3055 potius
1927 2992 2120 3054 quam

204 3061 469 3126 alterius
525 3023 820 3144 arb'itri03
875 3083 1038 3146 quae
1092 3083 1294 3146 nunc,
1347 3065 1422 3127 ut
1476 3060 1733 3145 quidem
1785 3060 1894 3123 isti
1940 3059 2118 3124 dicti·

202 3153 351 3214 tant
394 3139 714 3215 libertatis
760 3154 1080 3235 auctores,
1135 3154 1314 3215 metu
1358 3150 1548 3215 nobis
1595 3152 1971 3231 extorquere
2018 3170 2118 3213 co-

202 3242 473 3322 nant-2113
527 3239 637 3304 sed
690 3239 858 3351 nihil
913 3243 1143 3323 agunt:
1199 3239 1439 3304 nullius
1494 3258 1799 3321 umquam
1853 3237 2118 3320 periculi

345 3448 449 3519 Ep.
489 3454 573 3518 28,
607 3455 653 3503 1.
725 3466 836 3518 par
881 3428 998 3504 erat
1041 3465 1147 3519 pro
1184 3428 1285 3504 tud
1328 3447 1467 3515 (L.)?
1567 3452 1618 3501 4.
1676 3450 1875 3515 ayunt:
1911 3444 2121 3497 nullius

204 3520 357 3590 (W.).
431 3538 481 3575 α.
535 3520 768 3576 Nullius
800 3521 988 3592 vulgo.
