2338 3691
228 85 316 151 74
791 87 865 141 Μ.
906 83 1155 140 TULLII
1193 84 1575 142 CICERONIS

219 234 317 315 te,
371 231 700 296 hominem
752 253 887 296 non
944 232 1154 296 solum
1210 232 1593 315 sapientem,
1651 253 1871 296 verum
1928 231 2147 318 etiam,

223 323 300 384 ut
345 341 519 384 nuno
562 319 904 405 loquimur,
947 320 1288 404 urbanum,
1331 342 1467 385 non
1506 319 1869 384 arbitrabar
1906 340 2143 405 genere

224 409 351 473 isto
405 408 807 494 legationum
860 408 1189 492 delectari,
1242 409 1433 492 idque
1488 430 1590 473 me
1646 408 1923 473 arbitror
1980 407 2145 493 Syn-

219 495 410 561 nadis
456 519 574 580 pro
620 498 930 562 tribunali
973 497 1196 562 multis
1240 497 1453 562 verbis
1500 496 1957 581 disputavisse:
2013 499 2141 582 pri-

222 608 400 650 mum
471 583 596 670 Ap.
661 583 999 652 Claudium
1072 586 1325 650 senatui
1396 586 1765 688 populoque
1837 585 2140 652 Romano

218 696 356 739 non
392 674 860 740 Midaeensium
902 675 1275 740 testimonio
1305 711 1389 721 —
1417 675 1489 738 in
1535 696 1611 738 ea
1656 675 1829 739 enim
1876 675 2140 740 civitate

221 764 464 828 mentio
509 763 686 829 faeta
732 768 831 829 est
859 801 971 847 —‚
1018 763 1130 829 sed
1177 786 1295 828 sua
1332 766 1562 848 sponte
1601 784 1740 829 esse
1775 762 2140 849 laudatum3

218 851 451 916 deinde
515 874 616 917 me
679 853 774 917 ita
836 853 1070 918 vidisse
1131 852 1416 917 accidere
1471 852 1691 916 multis
1704 903 1723 937 ,
1784 855 1859 917 ut
1913 873 2141 919 eorum

217 961 416 1005 eausa
460 941 818 1026 legationes
862 940 1139 1006 Romam
1195 941 1519 1025 venirent,
1575 941 1687 1006 sed
1739 940 1818 1006 iis
1859 941 2139 1027 legatio-

219 1030 412 1094 nibus
455 1046 593 1095 11011
635 1029 1001 1094 meminisse
1052 1026 1199 1116 [me]
1259 1030 1461 1094 ullum
1514 1032 1770 1113 tempus
1825 1030 2140 1096 laudandi

215 1121 335 1184 aut
376 1119 592 1183 locum
637 1119 801 1203 dari3
865 1117 1079 1184 studia
1132 1119 1292 1183 mihi
1348 1140 1572 1183 eorum
1625 1118 1904 1203 plaeere,
1959 1121 2138 1203 quod

217 1207 290 1271 in
339 1210 406 1272 te
461 1208 624 1272 bene
687 1208 916 1273 merito
982 1207 1153 1293 grati
1218 1211 1458 1292 essent,
1522 1207 1863 1272 consilium
1917 1209 2139 1274 totum

214 1296 419 1361 videri
480 1297 743 1361 minime
803 1296 1264 1380 necessarium3
1328 1296 1383 1360 si
1448 1298 1665 1360 autem
1726 1296 1966 1361 vellent
2025 1297 2140 1362 de-'

212 1386 460 1451 olarare
504 1387 575 1451 in
621 1408 696 1451 eo
736 1386 1021 1452 officium
1058 1408 1263 1470 suum,
1308 1384 1719 1449 laudaturum
1759 1406 1879 1469 me,
1926 1385 1979 1449 si
2019 1388 2135 1471 qui

214 1496 333 1539 suo
390 1478 651 1559 sumptu
702 1475 964 1539 functus
1020 1476 1190 1540 esset
1243 1473 1485 1557 offioiO,
1541 1495 1992 1538 concessurum
1999 1525 2018 1558 ,
2074 1476 2135 1540 si

212 1563 523 1648 legitimO,
568 1584 703 1628 non
738 1563 1217 1647 permissurum,
1263 1562 1318 1627 si
1354 1562 1630 1627 infinito.
1704 1560 1870 1637 Quid
1914 1560 1986 1626 in
2023 1586 2132 1629 me

211 1651 596 1734 reprehendi
631 1651 890 1734 potest?
936 1651 1063 1716 nisi
1109 1650 1282 1736 quod
1328 1650 1508 1715 addis
1546 1650 1756 1715 visum
1802 1672 1941 1715 esse
1989 1654 2129 1736 qui-

212 1739 485 1803 busdam
529 1739 809 1804 edietum
854 1761 1067 1804 meum
1122 1739 1306 1824 quasi
1352 1740 1647 1805 consulto
1695 1738 1777 1803 ad
1831 1739 1989 1805 istas
2036 1741 2128 1807 le-

213 1827 507 1913 gationes
578 1828 1017 1913 impediendas
1091 1851 1229 1894 esse
1303 1828 1872 1895 accommodatum.
1981 1828 2131 1898 Iam

210 1939 346 1985 non
389 1919 526 1981 tam
569 1917 729 1982 mihi
773 1918 1073 1983 videntur
1117 1918 1422 1983 iniuriam
1455 1917 1723 1982 faeere
1704 1918 1769 2002 1i‚
1815 1918 1926 2002 qui
1960 1918 2128 1986 haee

210 2006 569 2090 disputant,
633 2028 827 2089 quam
882 2007 937 2072 si
991 2007 1171 2072 euius
1227 2028 1413 2071 aures
1477 2006 1558 2071 ad
1611 2006 1781 2071 hane
1837 2007 2126 2091 disputa·

208 2095 452 2159 tionem
513 2098 758 2180 patent.
864 2095 1111 2161 Romae
1185 2095 1517 2179 composui
1579 2094 1883 2179 edictum3
1954 2096 2126 2163 1111111

209 2182 449 2266 addidi,
512 2184 639 2248 nisi
704 2185 901 2269 quod,
964 2184 1295 2270 publicani
1348 2206 1451 2248 me
1514 2187 1856 2270 rogarunt,
1922 2206 2125 2268 quum

208 2270 471 2336 Samum
516 2273 597 2337 ad
642 2295 744 2338 me
789 2273 1144 2358 venissent,
1189 2276 1264 2337 ut
1309 2272 1387 2337 de
1431 2275 1546 2337 tuo
1594 2272 1802 2338 edicto
1845 2273 2124 2341 totidem

204 2361 416 2425 verbis
469 2361 887 2429 transferrem
948 2362 1020 2426 in
1082 2382 1313 2426 meum.
1402 2360 1909 2447 Diligentissime
1966 2364 2120 2428 scri·

201 2452 389 2534 ptum
425 2455 619 2534 caput
654 2454 769 2536 est,
815 2451 986 2535 quod
1031 2451 1315 2534 pertinet
1351 2450 1434 2515 ad
1469 2450 1852 2515 minuendos
1900 2472 2119 2536 sump-

200 2541 307 2603 tus
364 2539 723 2604 civitatum:
781 2560 907 2623 quo
964 2539 1035 2602 in
1090 2538 1300 2622 eapite
1348 2541 1502 2603 sunt
1558 2538 1871 2623 quaedam
1924 2561 2119 2625 nova,

202 2628 513 2692 salutaria
556 2627 951 2710 civitatibus,
1007 2626 1239 2711 quibus
1296 2648 1418 2713 ego
1472 2648 1713 2712 magno
1770 2649 1961 2712 opere
2008 2629 2117 2694 de-

200 2716 428 2801 lector}
480 2715 606 2781 hoe
649 2737 829 2799 vero,
883 2737 960 2780 ex
1005 2737 1132 2799 quo
1178 2716 1459 2799 suspicio
1503 2718 1663 2780 nata
1718 2720 1816 2781 est
1860 2737 1963 2781 me
2010 2740 2115 2783 ex·

201 2806 471 2887 quisisse
526 2804 794 2889 aliquid,
847 2804 920 2868 in
964 2825 1091 2888 quo
1135 2807 1203 2869 te
1250 2804 1665 2891 offenderem,
1721 2805 2116 2872 tralaticium

200 2897 315 2957 est.
402 2892 628 2977 Neque
675 2892 848 2957 enim
893 2913 1070 2957 eram
1112 2896 1250 2958 tam
1295 2892 1642 2977 desipiens,
1694 2896 1770 2958 ut
1821 2894 2113 2978 privatae

197 2981 292 3045 rei
336 3002 531 3046 eausa
573 2981 779 3067 legari
821 2983 1144 3067 putarem,
1200 2980 1336 3066 qui,
1391 2985 1458 3045 et
1501 2981 1622 3047 tibi
1677 3002 1812 3048 non
1855 2983 2112 3067 privato

481 3160 530 3222 8,
560 3162 610 3209 3.
682 3157 775 3210 sed
809 3158 885 3296 ἥς
919 3159 1016 3227 leq.
1057 3157 1206 3239 (W.)..
1278 3157 1371 3210 sed
1406 3157 1492 3211 his
1528 3157 1562 3210 l.
1600 3156 1896 3227 vulgo.—
1824 3159 2114 3214 —memi·

197 3225 341 3278 nisse
337 3154 482 3294 E[p
401 3224 504 3294 me]
542 3225 849 3293 ullumsW
753 3227 904 3296 (W.).
976 3227 1330 3282 meminissem
1365 3243 1420 3281 u.
1458 3227 1533 3280 M.
1613 3229 1916 3282 meminisse
1948 3245 2003 3283 u.
2043 3229 2108 3284 B.

196 3294 454 3377 —Quid
488 3295 552 3348 in
586 3311 667 3348 me
701 3312 842 3363 repr.
883 3296 994 3364 (01·
1035 3297 1217 3367 conj..)
1321 3297 1384 3367 Q.
1422 3298 1566 3352 enim
1599 3314 1741 3367 repr.
1789 3299 1881 3365 M„
1920 3300 1980 3354 Β.
2057 3306 2108 3355 4.

194 3365 310 3417 nisi
344 3364 504 3432 quod,
508 3364 827 3446 ,publicani
854 3366 963 3432 (W.
965 3368 1004 3436 ).
1076 3385 1131 3428 n.
1169 3367 1317 3438 quod
1342 3384 1404 3437 p.
1443 3367 1629 3438 vulgo.
1672 3397 1737 3406 -
1776 3340 1890 3438 qui’,
1927 3375 1977 3425 et
2002 3371 2113 3425 tibi

199 3433 347 3502 (W..)
421 3434 520 3501 qui
554 3439 604 3487 et
638 3438 674 3487 t.
714 3433 900 3506 vulgo.
