2338 3691
699 151 1220 207 EPISTOLARUM
1255 150 1322 205 V.
1364 157 1588 205 17—19.
1979 147 2106 212 149

205 298 265 360 et
303 317 416 361 nos
461 301 839 381 ceiaerosque
884 296 1356 361 necessitudine
1412 300 1479 361 et
1519 294 1973 359 benevolentia
2015 297 2107 358 te—

205 406 336 449 cum
379 386 961 469 coniunctissimOS‚
1007 406 1332 469 quumque
1379 405 1688 469 magnam
1730 382 2109 447 facultatem

204 474 280 539 sis
304 473 644 540 habiturus
672 475 1011 540 nobiscum
1038 477 1107 538 et
1143 495 1290 539 cum
1331 473 1629 538 omnibus
1665 473 1796 537 tuis
1833 472 2109 556 vivendi,

204 566 260 626 et
310 586 502 647 quum
558 569 741 629 tuum
794 585 996 628 unum
1051 563 1137 627 sit
1189 562 1496 627 iudicium
1550 583 1629 626 ex
1680 565 1817 626 tam
1868 562 2109 646 multis,

203 651 358 735 quod
402 652 947 738 reprehendatur,
1001 656 1077 716 ut
1122 652 1295 736 quod
1350 673 1485 716 una
1529 652 1852 716 sententia
1907 671 2108 734 eaque

203 740 379 805 dubia
439 742 781 827 potentiae
846 742 1113 806 alicuius
1191 741 1630 806 condonatum
1694 739 2110 824 existimetur,

204 830 484 895 omnibus
529 831 640 895 his
680 831 759 895 de
797 830 1006 895 causis
1043 829 1237 895 debes
1272 831 1468 895 istam
1507 829 1870 894 molestiam
1914 850 2109 913 quam

205 918 504 984 levissime
551 920 744 984 ferre.
833 919 1018 984 Meus
1064 920 1319 984 animus
1366 919 1489 984 erit
1527 919 1601 983 in
1641 922 1707 982 te
1746 917 2109 1002 liberosque

202 1009 336 1072 tuos
381 1030 658 1093 semper,
706 1029 897 1093 quem
940 1011 1015 1074 tu
1060 1030 1199 1074 esse
1243 1009 1342 1074 vis
1388 1012 1455 1074 et
1499 1008 1611 1092 qui
1656 1028 1793 1073 esse
1841 1008 2048 1072 debet.

1060 1220 1241 1287 XIX.

205 1329 305 1386 Scr.
341 1334 399 1388 in
444 1333 704 1389 Cumano
750 1333 898 1389 inter
943 1334 1037 1389 ΠΙ.
1085 1333 1213 1389 Kal.
1228 1333 1439 1461 7gff5aias
1493 1337 1554 1391 et
1598 1333 1694 1390 VI.
1740 1332 1887 1389 Non.
1929 1332 2111 1389 Maias

957 1422 1006 1459 a.
1045 1423 1100 1459 u.
1138 1422 1186 1460 c.
1332 1448 1346 1461 .

895 1528 1153 1585 CICERO
1195 1529 1409 1587 RUFO.

323 1626 468 1694 Etsi
513 1627 681 1693 mihi
725 1651 1079 1714 numquam
1126 1631 1393 1696 dubium
1436 1629 1590 1714 fuit,
1648 1629 1806 1714 quin
1848 1630 1971 1694 tibi
2016 1651 2109 1693 es·
2150 1646 2179 1695 1

211 1735 329 1780 sem
372 1718 767 1804 carissimus,
809 1723 1031 1784 tamen
1077 1720 1363 1804 quotidie
1408 1720 1618 1805 magis
1664 1720 1730 1784 id
1775 1719 2111 1804 perspiciO,

209 1808 528 1892 exstatque
576 1808 670 1892 id,
727 1809 898 1893 quod
943 1808 1103 1874 mihi
1151 1808 1524 1875 ostenderas
1580 1808 1965 1894 quibusdam
2007 1809 2111 1873 lit-

208 1895 364 1979 teris,
399 1897 527 1962 hoc
570 1900 638 1962 te
676 1899 1128 1964 studiosiorem
1162 1900 1236 1962 in
1271 1921 1373 1963 me
1410 1899 1681 1964 colendo
1716 1897 1873 1981 fore,
1918 1920 2111 1982 quam

209 1980 271 2045 in
317 1987 669 2068 provincia
706 1987 959 2062 fuisses⁸
995 2024 1081 2035 —
1136 1988 1259 2052 etsi
1314 2010 1458 2053 meo
1515 1988 1751 2053 iudicio
1810 1987 1975 2051 nihil
2030 1987 2110 2051 ad

209 2073 376 2137 tuum
420 2076 819 2159 provinciale
866 2077 1151 2142 officium
1198 2076 1348 2141 addi
1392 2080 1608 2161 potest
1635 2112 1740 2161 —,
1783 2098 1911 2160 quo
1957 2076 2130 2140 libe-f

209 2159 327 2224 rius
370 2163 682 2229 iudicium
728 2187 866 2230 esse
911 2169 1133 2250 posset
1175 2168 1380 2230 tuum.
1469 2165 1697 2249 Itaque
1751 2187 1853 2229 me
1900 2168 1966 2229 et
2011 2187 2111 2230 su·

210 2250 478 2330 periores
506 2253 762 2318 litterae
792 2257 942 2318 tuae
972 2254 1319 2320 admodum
1349 2255 1845 2338 delectaverunt,
1881 2253 2111 2338 quibus

211 2340 269 2400 et
327 2345 768 2426 exspectatum
830 2365 1044 2407 meum
1109 2344 1459 2408 adventum
1523 2343 1639 2407 abs
1699 2346 1765 2407 te
1821 2346 2112 2407 amanter

210 2425 494 2495 videbam
541 2434 631 2516 et,
678 2453 874 2515 quum
921 2433 1109 2496 aliter
1150 2453 1255 2497 res
1302 2432 1636 2498 cecidisset
1681 2453 1755 2496 ac
1800 2435 2113 2516 putasseS,

211 2516 268 2576 te
310 2538 452 2583 meo
501 2520 769 2585 consilio
816 2541 1055 2606 magno
1104 2542 1297 2606 opere
1342 2542 1480 2586 esse
1525 2522 1856 2606 laetatum,
1901 2524 1966 2585 et
2008 2521 2112 2586 his

214 2606 506 2684 proximis
551 2609 783 2673 litteris
829 2630 1140 2695 magnum
1188 2610 1328 2695 cepi
1372 2610 1656 2674 fructum
1693 2612 1758 2673 et
1792 2610 2013 2675 iudicii
2048 2614 2114 2674 et

217 2691 397 2758 officii
444 2697 566 2760 tui:
612 2697 849 2782 iudicii,
895 2699 1068 2782 quod
1103 2698 1406 2784 intelligo>
1434 2702 1519 2784 te,
1562 2699 1630 2763 id
1670 2699 1843 2783 quod
1889 2719 2111 2764 omnes

214 2777 401 2847 fortes
448 2806 522 2849 ac
566 2784 724 2850 boni
768 2787 890 2850 viri
929 2787 1141 2852 facere
1181 2788 1435 2873 debent,
1479 2786 1644 2852 nihil
1680 2791 1908 2872 putare
1954 2787 2111 2851 utile

218 2888 359 2955 esse,
392 2873 520 2938 nisi
547 2875 720 2958 quod
747 2879 994 2941 rectum
1021 2876 1494 2961 honestumque
1532 2877 1643 2959 sit3
1689 2876 1904 2960 officii,
1940 2877 2112 2960 quod

217 2958 273 3019 te
314 2981 578 3048 mecum,
623 2965 1068 3048 quodcumque
1114 2966 1427 3050 cepissem
1471 2965 1749 3048 consilii,
1792 2965 2112 3050 polliceris

218 3043 360 3144 fore,
396 3070 519 3134 quo
557 3073 765 3136 neque
802 3053 964 3117 mihi
1000 3054 1249 3139 gratius
1285 3075 1513 3139 neque,
1548 3057 1623 3117 ut
1659 3074 1779 3138 ego
1818 3054 2114 3139 arbitror,

222 3133 326 3199 tibi
350 3137 680 3206 honestius
719 3164 855 3207 esse
887 3141 1235 3226 quidquam
1263 3146 1497 3226 potest.
1568 3140 1732 3207 Mihi
1775 3143 2115 3208 eonsilium
2150 3163 2181 3210 2

347 3364 445 3436 Ep.
477 3376 560 3439 18,
589 3375 638 3426 2.
695 3370 958 3425 levissime
986 3370 1116 3494 (Νέ.
1196 3368 1464 3423 lenissime
1489 3367 1617 3449 MR.
1657 3396 1728 3406 —
1749 3369 1983 3449 ‘animus
2010 3365 2116 3417 erit

225 3430 324 3501 (Μ,
350 3439 550 3511 vulgo).
625 3459 676 3497 a.
704 3443 756 3496 is
781 3443 888 3496 erit
913 3441 977 3497 Β.
1099 3458 1154 3509 p.
1189 3445 1272 3506 19,
1307 3445 1352 3491 1.
1408 3443 1458 3493 et
1482 3438 1569 3492 hos
1586 3451 1861 3505 promamus
1890 3432 2109 3501 (MW.).

224 3506 268 3555 et
299 3520 361 3561 ex
392 3508 470 3566 his
494 3528 589 3582 pr.
625 3511 898 3582 Mart-L„
934 3512 996 3566 B.
