2338 3691
749 132 1268 189 EPISTOLARUM
1304 134 1428 188 ΧΠ.
1470 140 1551 188 14.
1635 97 1648 101 ’
1972 130 2102 197 393

187 300 339 344 311111
394 299 644 363 Ροθηαε
708 279 1035 363 daturum3
1097 301 1253 343 nam
1314 298 1550 363 neque,
1614 300 1742 362 quo
1804 278 2103 363 refugiat,

186 367 389 433 habet
440 389 648 451 neque
704 367 945 432 diutius
998 368 1090 432 ibi
1153 369 1394 452 poterit
1445 371 1701 432 tantum
1757 368 2103 431 exercitum

187 454 397 520 Cassii
442 456 796 521 sustinere:
861 478 1048 541 spero
1105 457 1300 520 etiam
1363 457 1727 521 confectum
1780 477 1920 520 esse
1975 456 2105 519 iam

188 548 258 609 et
312 546 690 629 oppressum
742 545 1166 610 Dolabellam.
1265 544 1474 621 Quare
1527 566 1664 609 non
1716 549 1875 629 puto
1937 543 2104 609 Pan·
2142 554 2174 605 5

188 655 334 698 sam
380 637 445 698 31
488 633 775 698 Hirtium
829 635 900 697 in
946 635 1286 699 consulatu
1340 637 1798 718 properaturos
1841 634 1914 697 in
1956 654 2106 717 pro-

187 722 438 787 vincias
465 723 655 807 exire,
692 721 803 788 sed
830 723 1076 788 Romae
1105 725 1362 787 acturos
1398 723 1829 787 consulatum:
1869 723 2106 808 itaque,

188 811 249 875 si
304 811 388 875 ab
440 812 523 875 113
574 811 864 896 petieris,
927 815 1002 876 ut
1053 811 1300 876 interea
1344 812 1534 876 nobis
1586 811 2107 897 procurationem

195 899 390 964 Asiae
446 899 627 984 dent,
690 922 880 985 spero
941 903 1007 964 te
1062 921 1253 984 posse
1315 896 1677 984 impetrare.
1766 898 2108 964 Praeterea

196 988 355 1052 mihi
407 990 845 1072 promiserunt
895 988 1113 1054 Pansa
1174 992 1242 1053 et
1292 987 1544 1053 Hirtius
1602 1010 1818 1054 coram
1877 993 1945 1053 et
1997 989 2106 1053 ab·

194 1077 366 1141 senti
410 1076 570 1142 mihi
625 1079 1020 1163 scripserunt
1063 1077 1420 1162 Verrioque
1472 1081 1697 1143 nostro
1743 1076 1960 1142 Pansa
2015 1078 2107 1142 af-

191 1166 478 1230 firmavit
523 1187 591 1231 se
646 1167 944 1232 daturum
990 1188 1281 1251 operam,
1334 1187 1416 1231 ne
1469 1167 1540 1230 in
1591 1189 1710 1231 suo
1767 1167 2108 1231 consulatu

193 1255 358 1318 mihi
401 1254 796 1320 succedatur.
865 1255 1012 1341 Ego
1058 1278 1253 1339 porro
1295 1274 1431 1321 non
1474 1255 1723 1320 medius
1765 1255 1957 1319 fidius
2002 1276 2107 1319 cu—

194 1342 468 1428 piditate
530 1345 898 1429 provinciae
961 1343 1231 1429 produci
1290 1344 1552 1431 longius
1613 1344 1897 1428 spatium
1949 1344 2109 1407 mihi

192 1433 374 1516 1101ος
425 1454 580 1497 nam
632 1434 791 1498 mihi
843 1434 972 1498 fuit
1023 1434 1151 1498 ista
1202 1434 1536 1518 provincia
1595 1433 1789 1517 plena
1851 1433 2110 1517 laboris,

196 1521 494 1605 periculi,
539 1522 934 1606 detrimenti,
988 1544 1151 1606 quae
1199 1543 1320 1608 ego
1374 1544 1457 1586 ne
1508 1522 1754 1587 frustra
1807 1521 2111 1585 subierim

198 1628 390 1694 neve,
546 1632 818 1695 usquam
871 1611 1176 1694 reliquias
1229 1632 1409 1675 meae
1464 1610 1835 1695 diligentiae
1891 1631 2109 1674 conse—

202 1720 382 1783 quar,
371 1633 727 1765 decedere
773 1720 988 1785 cogar,
1031 1700 1217 1765 valde
1253 1700 1505 1783 labor03
1549 1720 1722 1783 nam,
1768 1698 1824 1763 si
1865 1699 2111 1782 potuis·

202 1808 359 1872 sem,
397 1810 595 1873 quam
643 1809 980 1875 exegeram
1024 1789 1382 1874 pecuniam,
1425 1789 1794 1854 universam
1838 1787 2111 1873 mittere,

202 1878 615 1962 postularem,
642 1882 716 1943 ut
741 1879 901 1942 mihi
939 1878 1406 1943 succederetur:
1451 1900 1645 1963 nunc,
1687 1877 1860 1961 quod
1886 1874 2109 1942 Cassio

202 1966 379 2049 dedi,
435 1965 607 2051 quod
653 1966 959 2033 Trebonii
1019 1971 1228 2032 morte
1282 1968 1638 2052 amisimus,
1692 1965 1864 2050 quod
1918 1966 2112 2030 etiam

201 2054 581 2120 crudelitate
617 2055 992 2121 Dolabellae
1028 2060 1144 2121 aut
1177 2057 1446 2141 perfidia
1480 2078 1722 2140 eorum,
1765 2056 1875 2139 qui
1917 2055 2112 2119 fidem

203 2143 365 2207 mihi
409 2143 627 2229 reique
671 2145 967 2230 publicae
1012 2167 1148 2210 non
1183 2145 1663 2229 praestiterunt,
1704 2107 1772 2208 'id
1808 2143 2113 2226 consequi

203 2235 273 2296 et
315 2233 572 2297 reficere
617 2235 794 2317 volo,
849 2233 1020 2317 quod
1066 2234 1253 2298 aliter
1304 2255 1440 2299 non
1492 2236 1708 2318 potest
1758 2232 1923 2316 fieri,
1984 2232 2113 2295 nisi

203 2321 490 2404 spatium
541 2322 856 2387 habuero.
917 2321 986 2386 id
1038 2325 1112 2386 ut
1163 2344 1280 2406 per
1332 2326 1397 2386 te
1462 2342 1841 2405 consequar,
1901 2320 2113 2404 velim,

203 2413 282 2474 ut
326 2410 508 2494 solet,
550 2411 670 2474 tibi
708 2432 897 2476 curae
935 2411 1037 2475 sit.
1106 2409 1259 2512 Ego
1291 2432 1393 2475 me
1432 2411 1510 2475 de
1545 2432 1614 2476 re
1651 2410 1909 2495 publica
1952 2413 2111 2493 puto
2151 2422 2185 2472 6

205 2519 347 2562 3333
392 2499 719 2584 meritum,
771 2503 847 2566 ut
898 2521 1034 2564 non
1078 2499 1448 2584 provinciae
1499 2499 1688 2564 istius
1731 2498 2114 2563 beneficium

207 2590 576 2670 exspectare
623 2588 917 2672 debeam,
981 2588 1093 2652 sed
1145 2591 1430 2672 tantum,
1485 2591 1798 2672 quantum
1855 2585 2113 2652 Cassius
2189 2659 2209 2677 ·

209 2677 276 2738 et
318 2673 530 2759 Bruti,
581 2697 716 2742 non
773 2677 983 2745 solum
1034 2677 1210 2741 illius
1261 2676 1419 2741 facti
1472 2676 1863 2761 periculique
1919 2675 2114 2740 socie-

205 2765 369 2848 tate,
433 2727 544 2830 sed
608 2766 804 2829 etiam
864 2765 1057 2830 huius
1118 2766 1429 2850 temporis
1484 2764 1696 2830 studio
1743 2768 1808 2828 et
1850 2764 2113 2845 virtute3

203 2851 453 2937 primus
498 2855 670 2919 enim
707 2875 828 2939 ego
864 2854 1040 2938 leges
1067 2853 1392 2919 Antonias
1426 2853 1614 2939 fregi,
1656 2853 1900 2937 primus
1942 2851 2114 2935 equi-

202 2944 417 3006 tatum
460 2941 834 3007 Dolabellae
881 2940 963 3006 ad
1006 2963 1143 3007 rem
1197 2942 1520 3027 publicam
1563 2941 1820 3006 traduxi
1865 2938 2114 3005 Cassio-

205 3051 333 3132 que
376 3031 638 3116 tradidi,
692 3032 937 3116 primus
983 3030 1267 3096 delectus
1310 3031 1511 3095 habui
1563 3052 1683 3115 pro
1731 3030 1936 3095 salute
1983 3051 2116 3095 om-

166 3119 390 3187 nium
453 3123 678 3185 contra
733 3120 1244 3186 coniurationem
1297 3119 1880 3203 sceleratissimam,
1942 3119 2117 3184 solus

205 3205 432 3273 Cassio
480 3212 545 3273 et
587 3209 680 3273 rei
723 3209 1017 3294 publicae
1064 3206 1315 3316 Syriam
1361 3209 1825 3292 exercitusque,
1872 3208 1981 3292 qui
2025 3207 2114 3272 ibi

348 3418 453 3489 Ep.
493 3425 576 3487 14,
613 3425 663 3474 4.
735 3433 893 3489 oppr.
939 3419 1284 3474 Dolabellam
1337 3418 1450 3487 (Μ.,
1486 3417 1696 3487 vulgo).
1796 3431 1950 3483 oppr.
1990 3413 2114 3483 [D]

203 3490 288 3558 L„
316 3489 377 3543 B.
451 3495 500 3545 5.
553 3490 1073 3560 πιείεραιύωηιω.,
1099 3489 1310 3559 vulgo).
1381 3488 1693 3554 nisieisp.
1734 3485 1903 3553 (Em,
1941 3483 2042 3550 B..)
