2338 3691
204 123 329 190 186
760 123 838 179 M.
875 122 1122 178 TULLII
1158 121 1543 180 CICERONIS

1030 371 1276 439 XVIII.

499 485 615 540 Ser.
652 460 863 540 Romae
896 501 1088 541 mense
1124 485 1386 541 Ianuario
1424 502 1473 541 a.
1512 504 1566 541 ιι.
1605 503 1651 541 9.
1693 491 1811 542 709.

857 608 1115 664 CICERO
1154 609 1460 665 LEPTAE.

133 728 163 778 1
336 707 734 812 Simulatque
780 710 998 794 accepi
1042 732 1082 774 a
1120 707 1386 776 Seleuco
1429 713 1544 776 tuo
1582 710 1854 795 litterae,
1896 710 2121 776 statim

201 798 489 884 quaesivi
535 819 569 863 e
613 796 823 864 Balbo
868 820 984 884 per
1029 797 1376 883 codicillos,
1421 798 1575 884 quid
1621 802 1788 864 esset
1832 799 1903 863 in
1945 798 2123 884 lege·

202 886 532 990 rescripsit
577 908 707 971 eos,
752 886 862 972 qui
905 887 1196 951 facerent
1240 886 1683 972 praeconium,
1727 887 1932 953 vetari
1976 908 2120 954 esse

201 976 273 1041 in
326 938 806 1077 decurionib’us,
861 976 973 1060 qui
1016 975 1351 1060 fecissent,
1403 997 1539 1041 non
1592 976 1814 1041 vetari.
1904 974 2118 1052 Quare

202 1064 375 1130 bono
432 1064 648 1130 animo
705 1064 839 1130 sint
893 1066 959 1129 et
1010 1063 1109 1128 tui
1164 1067 1230 1129 et
1280 1065 1408 1130 ιιι9ι
1470 1064 1844 1149 familiares3
1907 1085 2119 1149 neque

203 1154 376 1219 enim
422 1157 561 1219 erat
595 1153 950 1238 ferendum,
995 1175 1212 1237 quum,
1257 1153 1368 1238 qui
1403 1152 1596 1219 hodie
1631 1153 2118 1238 haruspicinam

201 1243 517 1326 facerent,
578 1242 649 1306 in
703 1244 999 1307 senatum
1043 1240 1291 1306 Romae
1345 1243 1773 1345 legerentur,
1803 1264 1940 1326 coe,
2001 1242 2119 1326 qui

204 1293 548 1417 aliquand’o
593 1331 1008 1416 praeconium
1051 1329 1375 1413 fecissent,
1418 1330 1489 1395 in
1523 1331 1889 1416 municipiis
1928 1330 2117 1395 decu-

130 1439 166 1488 2
204 1421 417 1485 riones
473 1441 611 1484 esse
665 1441 799 1485 non
850 1418 1060 1484 licere.
1155 1417 1256 1483 De
1309 1381 1644 1503 H'ispaniis
1706 1420 1861 1484 novi
1921 1419 2115 1483 nihil.

204 1530 514 1594 magnum
564 1511 786 1573 tamen
840 1507 1188 1572 exercitum
1240 1505 1618 1592 Pompeium
1671 1507 1909 1573 habere
1963 1528 2115 1572 con-

205 1601 353 1680 stat,
396 1617 550 1660 nam
588 1594 823 1660 Caesar
864 1596 1003 1681 ipse
1050 1595 1132 1660 ad
1179 1617 1340 1669 suos,
1373 1595 1551 1661 misit
1595 1596 1957 1681 exemplum
1991 1595 2115 1660 Pa-

204 1685 401 1749 ciaeci
435 1685 813 1767 litterarum,
849 1684 920 1749 in
966 1706 1093 1768 quo
1131 1687 1274 1748 erat
1306 1684 1451 1748 illas
1489 1697 1584 1744 211·
1623 1706 1762 1750 esse
1797 1684 2115 1769 legiones3

205 1773 549 1858 scripserat
610 1772 805 1847 etiam
866 1771 1172 1838 Messalla
1235 1771 1307 1850 Q.
1363 1770 1620 1839 Salasso
1683 1771 1755 1837 P.
1820 1770 2113 1839 Curtium

202 1862 473 1927 fratrem
518 1860 653 1926 eius
693 1862 873 1926 iussu
907 1861 1199 1945 Pompeii
1243 1862 1645 1947 inspectante
1691 1863 1971 1927 exercitu
2014 1862 2112 1927 in-

151 1950 572 2034 terfectum,
617 1949 789 2034 quod
834 1951 1267 2016 consensisset
1311 1972 1455 2016 cum
1496 1950 1808 2036 Hispanis
1853 1951 2113 2053 quibus-

205 2038 372 2123 dam,
417 2038 473 2103 si
515 2037 586 2103 ιιι
632 2038 940 2124 oppidum
984 2039 1200 2105 nescio
1247 2039 1420 2124 qued
1456 2037 1803 2125 Pompeius
1844 2040 1937 2103 rei
1978 2039 2113 2104 fru-

203 2125 557 2191 mentariae
612 2147 806 2192 causa
868 2127 1177 2211 venisset,
1237 2150 1383 2192 eum
1437 2127 1975 2212 comprehendere
2030 2128 2115 2193 ad

130 2231 166 2280 3
205 2213 667 2300 Caesaremque
704 2216 1032 2281 deducere.
1101 2214 1203 2282 De
1237 2220 1351 2282 tuo
1393 2216 1678 2302 negotio,
1713 2216 1884 2301 quod
1921 2238 2114 2301 spon·

127 2337 134 2342 =
206 2326 313 2369 sor
358 2326 427 2369 es
470 2326 589 2388 pro
634 2302 941 2389 Pompeio
951 2356 970 2391 ,
1029 2306 1084 2390 si
1128 2303 1335 2370 Galba
1379 2326 1780 2390 consponsor
1821 2309 1973 2370 tuus
2017 2327 2139 2371 rc·>

205 2393 419 2477 dierit,
481 2392 677 2460 homo
730 2393 800 2458 in
863 2415 932 2458 re
994 2392 1298 2458 familiari
1349 2415 1485 2460 non
1536 2415 1767 2478 parum
1821 2393 2116 2479 diligens,

203 2502 339 2546 non
384 2481 674 2546 desinam
719 2503 865 2546 cum
908 2482 1020 2547 illo
1068 2482 1566 2568 communicare,
1621 2482 1677 2547 si
1722 2482 1874 2567 quid
1930 2504 2114 2567 expe-

129 2579 169 2628 4
206 2570 327 2634 diri
363 2570 587 2655 possit,
626 2569 800 2654 quod
834 2570 1172 2635 videbatur
1207 2569 1368 2636 mihi
1401 2570 1528 2635 ille*
1547 2570 1885 2636 confidere.
1957 2568 2115 2635 Ora-

205 2662 412 2724 torem
456 2680 670 2723 meum
714 2661 899 2725 tanto
957 2680 1147 2744 opere
1195 2681 1234 2723 a
1277 2662 1343 2724 te
1394 2660 1658 2743 probari
1702 2657 2116 2725 vehementer

204 2747 483 2833 gaude03
536 2746 696 2811 mihi
750 2746 1006 2830 quidem
1053 2747 1144 2811 sic
1187 2747 1568 2833 persuadeo,
1620 2769 1752 2834 me,
1803 2747 2117 2832 quidquid

202 2835 540 2902 habuerim
592 2834 811 2900 iudicii
865 2835 944 2900 de
990 2835 1287 2919 dicendo,
1339 2836 1411 2902 in
1453 2837 1635 2901 illum
1680 2837 1919 2901 librum
1963 2858 2115 2901 con-

202 2925 452 2990 tulisse:
509 2924 619 3008 qui
674 2923 728 2989 si
775 2926 874 2988 est
914 2924 1089 3009 talis,
1143 2926 1399 3008 qualem
1449 2925 1571 2990 tibi
1623 2924 1826 2990 videri
1871 2925 2118 3010 scribis,

205 3032 327 3112 ego
394 3033 648 3095 quoque
712 3011 955 3097 aliquid
1019 3034 1188 3095 sum3
1252 3013 1354 3078 sin
1408 3014 1619 3097 aliter,
1680 3034 1817 3079 non
1869 3035 2119 3098 recus0,

204 3099 388 3181 quin,
451 3102 766 3181 quantum
830 3099 907 3164 de
970 3101 1083 3165 illo
1143 3062 1338 3184 libro,
1398 3101 1783 3167 tantundem
1846 3101 1925 3166 de
1988 3102 2115 3167 mei

204 3184 422 3248 iudicii
483 3184 660 3250 fama
721 3187 1114 3253 detrahatur.
1221 3187 1494 3273 Leptam
1555 3193 1851 3255 nostrum
1923 3191 2115 3275 cupio

206 3270 508 3335 delectari
560 3272 692 3335 iam
743 3275 982 3340 talibus
1027 3276 1309 3360 scriptis.
1364 3277 1486 3341 etsi
1539 3277 1724 3342 abest
1774 3278 2117 3344 maturitas

206 3358 465 3441 aetatis,
517 3361 737 3424 tamen
780 3382 1125 3443 personare
1172 3386 1359 3429 aures
1413 3365 1549 3429 eius
1593 3365 1961 3431 huiusmodi
2005 3388 2115 3433 vo·

135 3460 168 3507 5
205 3443 385 3508 cibus
437 3464 573 3507 non
635 3449 734 3510 est
784 3448 1029 3514 inutile.
1117 3450 1225 3517 Me
1283 3451 1528 3517 Romae
1582 3454 1794 3519 tenuit
1847 3455 2117 3521 omnino
