2338 3691
751 148 1270 205 EPISTOLARUM
1306 149 1455 204 XIII.
1497 156 1544 205 7.
1582 155 1632 206 8.
1819 200 1822 203 .
2013 145 2151 211 425

961 496 972 506 ·
1100 453 1282 519 VIII.

551 572 666 630 Ser.
706 574 916 630 Romae
952 590 1143 628 mense
1183 573 1413 629 Octobri
1449 590 1500 628 a.
1537 593 1590 629 u.
1629 591 1675 629 c.
1707 579 1826 631 709.

684 716 759 770 Μ.
798 714 1057 771 CICERO
1094 716 1168 770 M.
1206 715 1508 772 RUTILIO
1547 715 1699 771 SAL.

368 823 583 901 Quum
629 828 694 890 et
739 825 899 889 1111111
953 826 1250 890 6011661116
1305 847 1537 908 6666111,
1591 824 1816 909 quanti
1869 827 1936 889 te
1980 824 2149 890 face-

231 935 399 999 rem,
453 918 521 979 et
561 918 745 979 tuam
791 934 945 999 erga
989 935 1091 978 me
1135 914 1658 979 benevolentiam
1711 916 2010 999 expertus
2057 935 2152 978 es-

234 1025 390 1087 sem,
434 1024 574 1068 non
609 1002 899 1067 dubitavi
936 1025 976 1067 a
1010 1007 1076 1067 te
1111 1007 1350 1087 petere,
1394 1003 1568 1104 quod
1603 1002 1765 1067 1111111
1803 1003 2155 1104 petendum

234 1095 425 1158 esset.
512 1091 582 1156 P.
630 1088 911 1156 Sestium
958 1092 1186 1175 quanti
1228 1092 1483 1176 faciam,
1526 1092 1666 1175 ipse
1715 1091 1957 1175 optime
2004 1092 2155 1175 scic,

234 1181 465 1266 quanti
519 1184 736 1245 autem
787 1181 999 1245 facere
1047 1181 1344 1265 debeam,
1402 1184 1468 1244 et
1519 1183 1594 1245 tu
1650 1183 1717 1244 et
1771 1202 1994 1246 omnes
2037 1180 2154 1246 ho-

234 1270 446 1334 mines
492 1269 728 1334 sciunt:
781 1270 839 1333 is
893 1291 1092 1354 quum
1146 1292 1226 1334 ex
1270 1270 1413 1334 aliis
1464 1272 1534 1333 te
1585 1269 1715 1333 mei
1767 1269 2153 1334 studiosissi-

236 1381 418 1423 mum
462 1380 601 1423 esse
648 1361 1021 1444 cognosset,
1065 1359 1299 1443 petivit
1344 1380 1385 1422 a
1427 1379 1558 1442 me,
1602 1360 1678 1421 ut
1723 1357 1804 1421 ad
1848 1360 1915 1421 te
1962 1379 2156 1441 quam

237 1448 718 1512 accuratissime
773 1447 1118 1512 scriberem
1164 1447 1242 1512 de
1287 1469 1358 1512 re
1405 1444 1473 1511 G.
1519 1445 1768 1511 Albinii
1824 1446 2157 1529 senatoriS,

238 1537 422 1601 cuius
469 1558 547 1601 ex
590 1537 727 1601 filia
768 1539 962 1601 natus
1017 1540 1117 1602 est
1161 1534 1234 1600 L.
1281 1535 1554 1620 Sestius,
1615 1536 1898 1620 optimus
1944 1535 2156 1599 adole·

240 1647 453 1709 scene,
506 1625 676 1690 filius
730 1625 801 1690 P.
848 1623 1063 1691 Sestii.
1145 1624 1292 1690 Hoc
1344 1625 1583 1689 idcirco
1639 1624 1891 1708 scripsi,
1943 1627 2020 1688 ut
2061 1624 2157 1687 in-

240 1714 565 1800 telligeres
608 1735 745 1778 non
792 1714 1001 1779 solum
1045 1735 1147 1778 me
1193 1737 1312 1799 pro
1357 1713 1428 1778 P.
1458 1712 1666 1779 Sestio
1713 1714 2007 1777 laborare
2054 1713 2157 1776 de-

240 1803 421 1888 bere,
475 1803 588 1868 sed
634 1800 915 1869 Sestium
968 1803 1164 1869 etiam
1217 1824 1337 1888 pro
1382 1801 1667 1869 Albinio.
1756 1802 1886 1867 Res
1942 1805 2158 1867 autem
2197 1815 2229 1864 2

241 1896 343 1957 est
376 1893 561 1957 haec:
609 1915 649 1957 a
683 1892 770 1957 M.
806 1892 1081 1958 Laberio
1120 1891 1189 1958 C.
1226 1892 1528 1957 Albinius
1565 1892 1831 1976 praedia
1862 1892 1936 1956 in
1972 1891 2158 1955 aesti-

239 1981 598 2046 mationem
645 1981 912 2066 accepit,
957 2004 1120 2066 quae
1164 1982 1432 2066 praedia
1474 1980 1787 2045 Laberius
1834 1985 2077 2045 emerat
2122 2001 2161 2044 a

242 2068 517 2135 Caesare
564 2070 642 2134 de
688 2070 879 2135 bonis
922 2069 1258 2136 Plotianis
1338 2069 1440 2134 Ea
1484 2070 1541 2134 si
1587 2070 1796 2134 dicam
1840 2091 1977 2136 non
2022 2089 2160 2133 esse

243 2180 278 2223 e
325 2180 395 2223 re
439 2157 702 2243 publica
747 2158 970 2242 dividi,
1026 2158 1254 2224 docere
1306 2162 1372 2222 te
1416 2158 1663 2242 videar,
1715 2179 1853 2224 non
1904 2179 2162 2243 rogare3

245 2247 359 2312 sed
411 2250 661 2331 tamen,
714 2269 912 2331 quum
965 2246 1203 2313 Caesar
1266 2245 1566 2312 Sullanas
1627 2247 2032 2312 venditiones
2098 2250 2163 2309 et

246 2336 719 2422 assignationes
765 2340 942 2400 ratas
997 2357 1135 2400 esse
1180 2334 1364 2420 velit,
1417 2357 1545 2418 quo
1590 2335 1905 2401 firmiores
1950 2334 2162 2399 existi-

243 2428 503 2490 mentur
559 2446 740 2507 suae,
804 2424 860 2489 si
913 2446 991 2489 ea
1042 2424 1309 2509 praedia
1353 2424 1743 2508 dividentur,
1805 2445 1970 2506 quae
2023 2424 2162 2507 ipse

245 2510 486 2577 Caesar
529 2513 836 2597 vendidit,
882 2535 1046 2598 quae
1091 2512 1357 2577 tandem
1401 2513 1473 2577 in
1510 2512 1646 2577 eius
1678 2511 2162 2577 venditionibus

247 2613 387 2667 esse'
432 2602 675 2686 poterit
719 2602 1114 2667 auctoritas?
1189 2600 1332 2685 Sed,
1375 2602 1502 2667 hoc
1547 2602 1737 2684 quale
1778 2601 1881 2684 sit,
1924 2603 1998 2665 tu
2041 2621 2160 2684 pro

244 2693 364 2754 tua
408 2691 753 2775 prudentia
798 2690 1251 2757 considerabis.
1315 2652 1469 2775 'Ego
1514 2693 1580 2753 te
1624 2691 1819 2774 plane
1864 2709 2025 2773 rogo
2069 2691 2162 2751 at·
2200 2702 2233 2748 3

248 2800 372 2862 que
418 2780 530 2864 ita,
573 2783 650 2844 ut
693 2780 935 2845 maiore
982 2779 1216 2863 studio,
1259 2779 1526 2844 iustiore
1571 2778 1651 2842 de
1698 2799 1911 2861 causa,
1956 2776 2164 2861 magis

246 2889 327 2933 ex
382 2869 599 2934 animo
652 2889 884 2953 rogare
937 2868 1102 2932 nihil
1155 2868 1428 2952 possim,
1488 2869 1565 2930 ut
1610 2865 1873 2930 Albinio
1920 2886 2166 2949 parcas,

246 2957 511 3041 praedia
574 2956 937 3022 Laberiana
998 2978 1082 3021 ne
1147 2956 1452 3040 attingas.
1542 2953 1788 3040 Magna
1849 2975 1952 3018 me
2016 2953 2165 3018 affe·

248 3044 413 3110 ceris
477 3067 613 3112 11011
675 3046 868 3112 modo
922 3046 1200 3130 laetitia,
1262 3044 1374 3109 sed
1432 3044 1628 3108 etiam
1692 3041 2165 3127 quodammodo

249 3135 475 3219 gloria,
522 3134 578 3199 si
602 3134 673 3199 P.
703 3133 948 3200 Sestius
983 3134 1233 3199 homini
1271 3133 1547 3198 maxime
1582 3132 1944 3197 necessario
1982 3130 2165 3195 satis-

246 3222 475 3288 fecerit
527 3245 642 3308 per
697 3245 827 3307 me,
889 3226 965 3287 ut
1025 3243 1147 3307 ego
1211 3222 1307 3286 illi
1359 3222 1474 3285 uni
1535 3221 1884 3305 plurimum
1937 3219 2167 3301 debe03

246 3312 420 3396 quod
467 3315 544 3376 ut
585 3312 817 3396 facias,
877 3314 945 3375 te
1009 3311 1422 3376 vehementer
1476 3309 1672 3373 etiam
1732 3312 1924 3391 atque
1971 3306 2167 3370 etiam

244 3400 772 3554 rggozhmailgsu
769 3400 930 3465 mihi
994 3400 1146 3464 dare
1201 3397 1585 3551 beneficium
1637 3397 1890 3462 nullum
1953 3397 2167 3478 potes.

246 3512 269 3555 1
362 3513 449 3554 1111
499 3514 521 3554 1
567 3513 636 3556 111
669 3513 702 3555 6
754 3511 892 3577 iges
940 3510 1078 3554 esse
1123 3509 1243 3573 gra
1273 3507 1581 3552 issimum.
2088 3514 2094 3520 ⁴
