2338 3691
138 1705 167 1754 1

214 126 340 190 182
774 127 848 182 M.
888 126 1134 182 TULLII
1171 125 1553 182 CICERONIS

207 271 612 356 mittendum,
657 271 1073 355 quamobrem
1109 292 1351 356 eorum,
1394 293 1557 356 quos
1596 272 1840 356 laudas,
1882 275 1947 337 te
1982 294 2123 338 non

210 360 607 425 simillimum
650 360 979 444 praebeas.
1070 358 1195 425 Sed
1240 360 1399 425 haec
1445 361 1652 426 oratio
1696 361 1905 446 magis
1950 366 2123 426 esset

210 452 365 533 apta
407 448 490 513 ad
528 449 644 514 illa
677 452 990 533 tempora,
1035 469 1200 534 quae
1235 450 1366 513 iam
1401 450 1711 535 effugisti:
1754 470 1929 514 nunc
1964 471 2120 516 vero

207 540 465 601 tantum
509 540 575 601 te
619 559 779 621 para
823 537 906 602 ad
951 537 1111 603 haec
1155 538 1493 604 nobiscum
1536 537 1829 623 ferenda,
1886 538 2120 623 quibus

208 645 330 710 ego
395 626 452 690 si
516 647 709 710 quam
780 625 1167 692 medicinam
1229 626 1611 711 invenirem,
1680 627 1802 692 tibi
1864 648 2120 712 quoque

207 713 477 778 eandem
512 714 860 799 traderem3
906 715 1018 780 sed
1058 719 1159 781 est
1192 737 1397 781 unum
1429 715 1801 801 perfugium
1825 717 2123 781 doctrina

207 823 283 865 ac
327 802 608 888 litterae,
653 803 885 888 quibus
932 826 1184 889 semper
1226 804 1329 869 usi
1373 826 1595 870 sumus
1605 856 1624 889 ,
1676 826 1840 889 quae
1895 826 2123 869 secun-

207 890 306 955 dis
366 892 561 957 rebus
624 891 1116 959 delectationem
1168 893 1362 959 modo
1425 892 1663 959 habere
1716 893 2123 978 videbantur,

205 999 382 1044 nunc
426 1002 578 1046 vero
624 981 821 1046 etiam
866 981 1156 1047 salutem.
1248 980 1400 1066 Sed,
1451 984 1529 1047 ut
1582 981 1664 1047 ad
1707 982 1968 1048 initium
2021 1005 2123 1048 re-

206 1071 446 1154 vertar,
501 1090 655 1135 cave
709 1069 991 1154 dubites,
1048 1070 1209 1154 quin
1253 1070 1472 1137 omnia
1525 1069 1604 1135 de
1649 1071 1853 1137 salute
1899 1091 1977 1137 ac
2020 1093 2124 1137 re-

206 1156 347 1222 ditu
390 1160 506 1224 tuo
549 1158 839 1244 perfecta
881 1159 1031 1224 sint.

1069 1352 1251 1418 XIII.

629 1465 744 1523 Scr.
780 1467 989 1522 Romae
1025 1469 1261 1520 exeunte
1300 1483 1350 1521 a.
1388 1484 1441 1520 u.
1480 1482 1526 1520 c.
1569 1469 1687 1522 708.

849 1588 1107 1646 CICERO
1144 1588 1460 1644 LIGARIO.

337 1689 484 1754 Etsi
544 1691 663 1755 tali
718 1693 834 1755 tuo
897 1693 1189 1774 tempore
1244 1711 1348 1754 me
1404 1693 1519 1755 aut
1571 1686 1949 1754 consolandi
2005 1692 2122 1754 aut

207 1778 473 1844 iuvandi
515 1779 615 1843 tui
660 1799 853 1842 causa
898 1779 1175 1843 scribere
1221 1777 1304 1842 ad
1347 1781 1413 1842 te
1450 1777 1691 1863 aliquid
1735 1799 1853 1863 pro
1890 1780 2122 1842 nostra

207 1868 489 1934 amicitia
542 1868 907 1953 oportebat,
969 1871 1191 1933 tamen
1244 1867 1455 1934 adhuc
1507 1868 1574 1932 id
1626 1888 1764 1933 non
1818 1867 2121 1951 feceram,

206 1958 359 2041 quia
420 1977 630 2040 neque
690 1957 891 2022 lenire
954 1956 1220 2021 videbar
1281 1956 1576 2022 oratione
1637 1977 1846 2040 neque
1903 1955 2119 2021 levare

203 2066 394 2130 posse
448 2045 735 2111 dolorem
785 2048 999 2128 tuum3
1059 2048 1288 2129 postea
1349 2066 1501 2111 vera
1554 2066 1749 2130 quam
1810 2064 2121 2129 magnam

208 2155 389 2218 spem
431 2133 671 2199 habere
715 2134 899 2218 coepi
941 2134 1111 2218 fore,
1153 2137 1232 2198 ut
1272 2136 1338 2197 te
1383 2133 1563 2199 brevi
1606 2136 1896 2218 tempore
1940 2132 2118 2198 inco·

206 2223 446 2288 lumem
489 2222 896 2307 haberemus,
957 2222 1169 2287 facere
1223 2243 1357 2287 non
1410 2222 1620 2307 potui,
1674 2222 1833 2306 quin
1883 2221 2008 2286 tibi
2052 2224 2121 2287 et

208 2311 594 2376 sententiam
648 2315 715 2376 et
765 2312 1169 2377 voluntatem
1223 2310 1612 2376 declararem
1665 2331 1892 2375 meam.
1980 2308 2118 2374 Pri-

206 2422 385 2464 mum
438 2400 639 2485 igitur
701 2400 1002 2484 scribam,
1064 2399 1238 2483 quod
1299 2399 1595 2484 intelligo
1652 2401 1722 2464 et
1780 2398 2118 2483 perspicio,

206 2510 341 2554 non
384 2489 525 2554 fore
561 2490 632 2554 in
666 2492 731 2553 te
769 2486 1108 2553 Caesarem
1145 2487 1496 2571 duriorem3
1538 2508 1695 2553 nam
1729 2490 1797 2552 et
1828 2508 1933 2552 res
1970 2508 2119 2552 eum

206 2578 493 2661 quotidie
556 2581 623 2643 et
684 2577 819 2642 dies
883 2580 949 2641 et
1002 2576 1223 2660 opinio
1276 2576 1614 2641 hominum
1668 2579 1758 2660 et,
1819 2579 1896 2640 ut
1955 2575 2120 2640 mihi

205 2667 485 2751 videtur,
556 2666 752 2730 etiam
815 2686 932 2730 sua
992 2668 1228 2729 natura
1288 2665 1610 2731 mitiorem
1669 2664 1854 2749 facit,
1923 2663 2118 2748 idque

207 2778 407 2839 quum
452 2755 531 2819 de
576 2754 839 2838 reliquis
885 2753 1113 2837 sentio,
1158 2756 1298 2817 tum
1343 2753 1422 2817 de
1465 2756 1532 2819 te
1577 2752 1775 2818 etiam
1810 2751 2001 2817 audio
2039 2775 2121 2819 ex

205 2843 723 2909 familiarissimis
768 2842 923 2925 eius,
969 2841 1202 2925 quibus
1247 2861 1369 2926 ego
1408 2862 1488 2906 ex
1522 2862 1598 2907 eo
1634 2845 1943 2926 tempore,
1988 2863 2118 2925 quo

205 2933 485 3015 primum
548 2953 627 2996 ex
688 2929 913 2996 Africa
972 2930 1241 2994 nuntius
1303 2930 1506 3014 venit,
1570 2930 1931 3014 supplicare
1984 2952 2121 2995 una

208 3041 355 3083 cum
398 3019 707 3085 fratribus
760 3018 891 3083 tuis
944 3039 1079 3082 non
1125 3017 1369 3102 destiti,
1422 3040 1696 3102 quorum
1748 3018 2009 3103 quidem
2054 3024 2121 3083 et

207 3107 445 3170 virtute
489 3111 557 3170 et
599 3107 838 3189 pietate
885 3109 952 3171 et
995 3127 1213 3171 amore
1257 3106 1328 3170 in
1370 3110 1436 3171 te
1483 3106 1797 3192 singulari
1848 3110 1917 3172 et
1960 3108 2119 3172 assi-

113 3264 142 3280 *
210 3193 337 3256 dua
382 3196 448 3255 et
489 3197 800 3275 perpetua
836 3216 989 3258 cura
1023 3195 1252 3259 salutis
1287 3197 1438 3258 tuae
1472 3198 1730 3259 tantum
1768 3195 2121 3280 proficitur,

208 3282 285 3343 ut
327 3279 491 3343 nihil
538 3280 637 3362 sit,
683 3282 853 3364 quod
899 3303 1034 3346 non
1077 3282 1291 3367 ipsum
1338 3280 1677 3349 Caesarem
1722 3284 2121 3348 tributurum

139 3381 174 3430 3
211 3366 592 3447 existimem3
629 3366 759 3451 sed,
796 3369 851 3433 si
886 3369 1133 3435 tardius
1160 3370 1253 3454 fit,
1290 3391 1484 3455 quam
1510 3371 1824 3456 volumuS,
1858 3372 2120 3456 magnis

214 3452 739 3537 occupationibus
786 3455 948 3539 eius,
993 3479 1034 3520 a
1079 3480 1206 3541 quo
1252 3459 1469 3523 omnia
1513 3462 1848 3544 petuntur,
1900 3459 2123 3525 aditus
