2338 3691
667 130 1181 186 EPISTOLARUM
1219 131 1317 185 111.
1362 136 1442 184 11.
1476 136 1555 186 12.
1985 128 2072 192 89

179 275 438 358 reperi03
485 296 691 359 neque
730 276 901 340 enim
935 276 1187 341 tristius
1226 276 1434 339 dicere
1474 275 1824 360 quidquam
1871 274 2070 338 debeo

180 384 246 426 ea
271 364 343 427 de
380 386 465 448 re,
504 386 701 449 quam
724 368 798 429 tu
832 366 969 448 ipse
1000 364 1323 429 ominibus
1355 365 1613 448 optimis
1649 363 2073 448 prosequeriS,

179 474 366 536 neque
402 474 539 517 non
576 474 680 517 me
715 456 935 518 tamen
972 453 1226 518 mordet
1261 452 1518 537 aliquid.
1589 449 1669 516 In
1707 474 1833 536 quo
1870 473 2072 516 unum

179 562 295 604 non
338 563 582 624 vereor,
626 562 709 606 ne
754 545 828 605 tu
874 563 1103 626 parum
1149 541 1499 625 perspicias
1546 562 1647 625 ea,
1691 561 1845 622 quae
1890 545 2074 626 gesta

181 633 329 714 sunt,
374 631 456 695 ab
509 630 655 694 aliis
693 651 830 694 esse
869 634 1071 715 gesta,
1119 630 1352 714 quibus
1390 651 1511 715 ego
1548 630 1642 693 ita
1677 629 2074 713 mandaram,

178 722 254 801 ut,
294 739 495 802 quum
544 722 683 783 tam
726 720 922 804 longe
967 718 1265 783 afuturus
1313 740 1538 802 essem,
1584 718 1665 782 ad
1700 740 1803 782 me
1850 739 1930 782 ne
1977 739 2072 781 re-

178 805 424 892 ferrent,
481 809 780 893 agerent,
835 808 1008 891 quod
1052 807 1455 891 probassent.
1542 806 1624 871 In
1676 806 1801 871 hoc
1854 810 2071 871 autem
2108 823 2140 871 3

177 893 316 959 mihi
356 896 525 961 illud
573 897 873 961 occurrit:
939 896 1128 981 „quid
1173 893 1246 959 tu
1299 895 1526 981 igitur,
1579 895 1636 959 si
1691 894 2073 960 affuisses?“

177 1005 295 1047 rem
335 984 750 1069 probassem,
806 985 883 1050 de
929 987 1251 1068 tempore,
1290 984 1469 1048 *nihil
1512 988 1578 1048 te
1623 984 1855 1069 invite,
1908 984 2074 1048 nihil

178 1072 297 1136 sine
340 1074 618 1139 consilio
666 1073 943 1159 egissem
997 1076 1132 1139 tuo.
1222 1069 1420 1137 Vides
1477 1072 1705 1137 sudare
1759 1094 1861 1137 me
1914 1073 2072 1136 iam-

177 1159 396 1227 dudum
439 1162 879 1246 laborantem,
934 1160 1256 1246 quomodo
1314 1182 1391 1225 ea
1433 1164 1643 1246 tuear,
1698 1183 1860 1246 quae
1914 1161 2075 1225 mihi

176 1251 395 1315 tuenda
442 1253 629 1335 sunt,
682 1254 758 1315 ut
800 1254 866 1314 te
919 1272 1055 1328 non
1111 1249 1456 1316 offendam:
1519 1250 1664 1314 leva
1719 1270 1820 1313 me
1873 1250 2075 1334 igitur

177 1336 284 1404 hoc
335 1361 564 1423 onere3
628 1360 984 1424 numquam
1041 1339 1213 1403 enim
1276 1338 1437 1402 mihi
1490 1338 1710 1403 videor
1762 1343 2073 1402 tractasse

180 1447 419 1493 causam
466 1428 919 1494 difficiliorem.
1010 1425 1115 1492 Sic
1168 1427 1407 1492 habeto
1462 1429 1708 1490 tamen:
1763 1426 1890 1490 nisi
1943 1425 2075 1490 iam

180 1517 313 1580 tunc
357 1517 584 1583 omnia
627 1518 894 1602 negotia
940 1537 1085 1581 cum
1132 1537 1384 1580 summa
1418 1518 1534 1579 tua
1555 1515 1888 1600 ‚dignitate
1935 1515 2100 1579 dili-.

181 1606 540 1687 gentissime
587 1605 1034 1688 confecissem,
1078 1605 1340 1668 tametsi
1392 1603 1556 1668 nihil
1611 1604 1947 1668 videbatur
1992 1604 2073 1668 ad

182 1713 368 1758 meum
406 1715 570 1780 erga
608 1697 675 1759 te
711 1694 1058 1779 pristinum
1096 1693 1380 1758 studium
1417 1692 1567 1757 addi
1602 1715 1810 1778 posse,
1853 1699 2074 1757 tamen

181 1777 284 1845 hac
331 1784 498 1849 mihi
555 1782 874 1850 affinitate
928 1782 1232 1847 nuntiata
1283 1804 1420 1848 non
1472 1782 1713 1848 maiore
1778 1782 2073 1867 equidem

183 1872 396 1957 studio,
443 1873 562 1938 sed
610 1873 847 1957 acrius,
902 1872 1217 1956 apertiuS,
1272 1871 1741 1957 significantius
1797 1871 2072 1957 dignita-

180 1960 291 2024 tem
332 1964 521 2026 tuam
567 1961 1012 2026 defendissem.
1085 1959 1440 2025 Decedenti
1475 1960 1635 2024 mihi
1681 1964 1747 2024 et
1789 1960 1919 2024 iam
1954 1961 2071 2024 im·
2109 1973 2144 2023 4

180 2048 335 2128 perio
401 2072 627 2115 annuo
686 2050 1033 2114 terminato
1099 2052 1251 2112 ante
1315 2049 1374 2113 d.
1430 2065 1530 2112 111.
1591 2047 1818 2113 Nonas
1884 2047 2073 2131 Sext,

182 2155 355 2217 quum
401 2140 488 2203 ad
529 2136 749 2203 Sidam
792 2138 946 2202 navi
993 2137 1362 2202 accederem
1408 2140 1474 2201 et
1516 2157 1767 2201 mecum
1812 2136 1884 2213 Q.
1932 2135 2073 2202 Ser-

181 2224 347 2290 vilius
393 2230 589 2312 esset,
633 2228 887 2291 litterae
936 2248 974 2290 a
1019 2226 1181 2290 meis
1220 2229 1374 2290 sunt
1409 2224 1721 2297 redditae:
1770 2225 1900 2289 dixi
1946 2229 2072 2289 sta·

181 2310 281 2377 tim
323 2313 598 2381 Servilio
628 2351 712 2390 -÷-
744 2314 984 2380 etenim
1028 2314 1366 2378 videbatur
1405 2334 1544 2378 esse
1581 2317 1940 2379 commotus
1967 2351 2073 2397 —,

181 2404 242 2463 ut
291 2405 513 2469 omnia
569 2426 609 2467 a
653 2426 756 2469 me
810 2404 1059 2467 maiora
1121 2406 1547 2486 exspectaret3
1607 2402 1761 2486 quid
1823 2402 2073 2467 multa?

181 2486 647 2558 benevolentior
682 2492 821 2576 tibi,
858 2513 1050 2576 quam
1086 2490 1202 2575 fui,
1245 2490 1450 2556 nihilo
1488 2512 1633 2554 sum
1665 2489 1896 2576 factus,
1932 2491 2068 2555 dili·

183 2580 415 2659 gentior
453 2581 536 2645 ad
574 2580 1026 2645 declarandam
1063 2579 1581 2644 benevolentiam
1621 2579 1852 2663 mult03
1896 2601 2069 2660 nam,

182 2667 244 2728 ut
280 2672 464 2735 vetus
509 2671 736 2734 nostra
791 2669 1082 2734 simultas
1139 2672 1332 2733 antea
1387 2667 1763 2733 stimulabat
1813 2689 1942 2750 me,
1995 2671 2070 2730 ut

185 2773 470 2842 caverem,
514 2779 597 2822 ne
645 2757 748 2823 cui
793 2756 1224 2841 suspicionem
1258 2757 1405 2821 ficte
1440 2755 1888 2820 reconciliatae
1926 2775 2071 2839 gra-

184 2841 292 2908 tiae
328 2847 601 2930 darem,
666 2847 756 2911 sic
820 2845 1105 2910 affinitas
1168 2865 1341 2910 nova
1401 2865 1576 2908 nunc
1631 2864 1851 2907 curam
1913 2841 2073 2907 mihi

186 2930 348 2997 affert
373 2934 659 3019 cavendi,
693 2956 776 3000 ne
805 2934 956 3019 quid
986 2933 1063 2997 de
1102 2954 1352 2998 summo
1390 2953 1533 2998 meo
1572 2952 1727 3016 erga
1761 2935 1826 2996 te
1856 2951 2072 2996 amore

187 3016 519 3088 detractum
565 3044 705 3089 esse
750 3023 1062 3088 videatur.

307 3248 407 3320 Ep.
451 3257 530 3319 12,
560 3258 611 3305 2.
690 3255 845 3321 'qesta
878 3254 1010 3304 sunt
1046 3249 1178 3319 (R).
1262 3263 1313 3317 9.
1351 3248 1465 3302 sint
1500 3246 1629 3300 ΜΒ.
1669 3277 1735 3287 -
1783 3247 1928 3317 quod
1961 3245 2074 3312 ipsi

182 3319 476 3381 probassent
520 3321 691 3393 (W.)?
789 3327 838 3376 4.
903 3336 1047 3376 nova
1091 3334 1242 3375 nunc
1288 3334 1479 3374 curam
1524 3317 1796 3390 (Kayser).
1876 3330 2073 3370 novam

189 3400 354 3445 curam
388 3391 460 3446 M.
529 3408 675 3449 nova
710 3409 900 3448 euram
936 3391 996 3447 13.
