<?xml version="1.0" encoding="UTF-8"?>
<!DOCTYPE html PUBLIC "-//W3C//DTD XHTML 1.0 Transitional//EN"
    "http://www.w3.org/TR/xhtml1/DTD/xhtml1-transitional.dtd">
<html xmlns="http://www.w3.org/1999/xhtml" xml:lang="en" lang="en">
 <head>
  <title>
</title>
<meta http-equiv="Content-Type" content="text/html;charset=utf-8" />
  <meta name='ocr-system' content='tesseract 3.04.00' />
  <meta name='ocr-capabilities' content='ocr_page ocr_carea ocr_par ocr_line ocrx_word'/>
</head>
<body>
  <div class='ocr_page' id='page_1' title='image "./scriptaquaemans02wesegoog_0536.png"; bbox 0 0 2338 3691; ppageno 0'>
   <div class='ocr_carea' id='block_1_1' title="bbox 255 120 1601 223">
    <p class='ocr_par' dir='ltr' id='par_1_1' title="bbox 255 120 1601 223">
     <span class='ocr_line' id='line_1_1' title="bbox 255 120 1601 223; baseline -0.008 0"><span class='ocrx_word' id='word_1_1' title='bbox 255 158 384 223; x_wconf 82' lang='lat'>518</span> <span class='ocrx_word' id='word_1_2' title='bbox 819 158 894 213; x_wconf 82' lang='lat' dir='ltr'>M.</span> <span class='ocrx_word' id='word_1_3' title='bbox 933 157 1180 213; x_wconf 85' lang='lat' dir='ltr'><strong><em>TULLII</em></strong></span> <span class='ocrx_word' id='word_1_4' title='bbox 1216 120 1601 212; x_wconf 69' lang='lat' dir='ltr'>&#39;cmmoms</span> 
     </span>
    </p>
   </div>
   <div class='ocr_carea' id='block_1_2' title="bbox 1135 422 1284 490">
    <p class='ocr_par' dir='ltr' id='par_1_2' title="bbox 1135 422 1284 490">
     <span class='ocr_line' id='line_1_2' title="bbox 1135 422 1284 490; baseline -0.013 0"><span class='ocrx_word' id='word_1_5' title='bbox 1135 422 1284 490; x_wconf 89' lang='lat' dir='ltr'>XII.</span> 
     </span>
    </p>
   </div>
   <div class='ocr_carea' id='block_1_3' title="bbox 256 534 2173 678">
    <p class='ocr_par' dir='ltr' id='par_1_3' title="bbox 256 534 2173 678">
     <span class='ocr_line' id='line_1_3' title="bbox 256 534 2173 662; baseline -0.002 -70"><span class='ocrx_word' id='word_1_6' title='bbox 256 537 372 592; x_wconf 84' lang='lat' dir='ltr'>Scr.</span> <span class='ocrx_word' id='word_1_7' title='bbox 418 536 476 591; x_wconf 91' lang='lat' dir='ltr'>in</span> <span class='ocrx_word' id='word_1_8' title='bbox 522 535 720 592; x_wconf 82' lang='lat' dir='ltr'>castris</span> <span class='ocrx_word' id='word_1_9' title='bbox 767 537 840 592; x_wconf 85' lang='lat' dir='ltr'>ad</span> <span class='ocrx_word' id='word_1_10' title='bbox 886 537 1149 662; x_wconf 53' lang='lat' dir='ltr'>Cybigtra</span> <span class='ocrx_word' id='word_1_11' title='bbox 1194 535 1581 661; x_wconf 49' lang='lat' dir='ltr'>cappassggiw</span> <span class='ocrx_word' id='word_1_12' title='bbox 1640 535 1838 592; x_wconf 88' lang='lat' dir='ltr'>eodem</span> <span class='ocrx_word' id='word_1_13' title='bbox 1882 534 1999 603; x_wconf 90' lang='lat' dir='ltr'>die,</span> <span class='ocrx_word' id='word_1_14' title='bbox 2060 549 2173 603; x_wconf 89' lang='lat' dir='ltr'>quo</span> 
     </span>
     <span class='ocr_line' id='line_1_4' title="bbox 906 624 1507 678; baseline -0.003 -15"><span class='ocrx_word' id='word_1_15' title='bbox 906 624 994 678; x_wconf 88' lang='lat' dir='ltr'>ep.</span> <span class='ocrx_word' id='word_1_16' title='bbox 1067 651 1081 678; x_wconf 86' lang='lat'>‚</span> <span class='ocrx_word' id='word_1_17' title='bbox 1120 624 1171 662; x_wconf 87' lang='lat' dir='ltr'>a.</span> <span class='ocrx_word' id='word_1_18' title='bbox 1208 626 1263 662; x_wconf 90' lang='lat' dir='ltr'>u.</span> <span class='ocrx_word' id='word_1_19' title='bbox 1301 624 1349 662; x_wconf 92' lang='lat' dir='ltr'>c.</span> <span class='ocrx_word' id='word_1_20' title='bbox 1495 648 1507 661; x_wconf 96' lang='lat'><strong>.</strong></span> 
     </span>
    </p>
   </div>
   <div class='ocr_carea' id='block_1_4' title="bbox 325 719 2097 787">
    <p class='ocr_par' dir='ltr' id='par_1_4' title="bbox 325 719 2097 787">
     <span class='ocr_line' id='line_1_5' title="bbox 325 719 2097 787; baseline -0.001 -3"><span class='ocrx_word' id='word_1_21' title='bbox 325 731 399 784; x_wconf 81' lang='lat' dir='ltr'>M.</span> <span class='ocrx_word' id='word_1_22' title='bbox 430 719 687 786; x_wconf 81' lang='lat' dir='ltr'>CICERO</span> <span class='ocrx_word' id='word_1_23' title='bbox 725 730 1019 787; x_wconf 88' lang='lat' dir='ltr'>PROCOS.</span> <span class='ocrx_word' id='word_1_24' title='bbox 1059 732 1114 787; x_wconf 84' lang='lat' dir='ltr'>S.</span> <span class='ocrx_word' id='word_1_25' title='bbox 1151 731 1219 785; x_wconf 89' lang='lat' dir='ltr'>D.</span> <span class='ocrx_word' id='word_1_26' title='bbox 1257 730 1319 785; x_wconf 88' lang='lat' dir='ltr'>L.</span> <span class='ocrx_word' id='word_1_27' title='bbox 1355 729 1644 786; x_wconf 87' lang='lat' dir='ltr'>PAULLO</span> <span class='ocrx_word' id='word_1_28' title='bbox 1683 728 1830 784; x_wconf 85' lang='lat' dir='ltr'>COS.</span> <span class='ocrx_word' id='word_1_29' title='bbox 1860 727 2097 783; x_wconf 83' lang='lat' dir='ltr'><strong>DESIG.</strong></span> 
     </span>
    </p>
   </div>
   <div class='ocr_carea' id='block_1_5' title="bbox 188 829 2169 2420">
    <p class='ocr_par' dir='ltr' id='par_1_5' title="bbox 188 829 2169 1445">
     <span class='ocr_line' id='line_1_6' title="bbox 188 829 2169 917; baseline -0.001 -24"><span class='ocrx_word' id='word_1_30' title='bbox 188 845 214 892; x_wconf 90' lang='lat'>1</span> <span class='ocrx_word' id='word_1_31' title='bbox 386 829 533 895; x_wconf 87' lang='lat' dir='ltr'>Etsi</span> <span class='ocrx_word' id='word_1_32' title='bbox 587 830 746 895; x_wconf 76' lang='lat' dir='ltr'>mihi</span> <span class='ocrx_word' id='word_1_33' title='bbox 789 853 1142 917; x_wconf 84' lang='lat' dir='ltr'><strong>numquam</strong></span> <span class='ocrx_word' id='word_1_34' title='bbox 1196 831 1324 895; x_wconf 88' lang='lat' dir='ltr'>fuit</span> <span class='ocrx_word' id='word_1_35' title='bbox 1376 830 1641 895; x_wconf 91' lang='lat' dir='ltr'>dubium</span> <span class='ocrx_word' id='word_1_36' title='bbox 1652 880 1668 912; x_wconf 87' lang='lat'>,</span> <span class='ocrx_word' id='word_1_37' title='bbox 1722 830 1882 913; x_wconf 92' lang='lat' dir='ltr'>quin</span> <span class='ocrx_word' id='word_1_38' title='bbox 1933 831 1999 892; x_wconf 92' lang='lat' dir='ltr'>te</span> <span class='ocrx_word' id='word_1_39' title='bbox 2054 850 2169 912; x_wconf 92' lang='lat' dir='ltr'>po-</span> 
     </span>
     <span class='ocr_line' id='line_1_7' title="bbox 242 917 2168 1004; baseline 0.001 -22.006"><span class='ocrx_word' id='word_1_40' title='bbox 242 919 445 1002; x_wconf 88' lang='lat' dir='ltr'>pulus</span> <span class='ocrx_word' id='word_1_41' title='bbox 488 917 822 985; x_wconf 87' lang='lat' dir='ltr'>Romanus</span> <span class='ocrx_word' id='word_1_42' title='bbox 875 943 994 1004; x_wconf 91' lang='lat' dir='ltr'>pro</span> <span class='ocrx_word' id='word_1_43' title='bbox 1039 920 1169 984; x_wconf 86' lang='lat' dir='ltr'>tuis</span> <span class='ocrx_word' id='word_1_44' title='bbox 1218 919 1482 983; x_wconf 85' lang='lat' dir='ltr'>summis</span> <span class='ocrx_word' id='word_1_45' title='bbox 1536 919 1607 981; x_wconf 94' lang='lat' dir='ltr'>in</span> <span class='ocrx_word' id='word_1_46' title='bbox 1651 939 1788 982; x_wconf 91' lang='lat' dir='ltr'>rem</span> <span class='ocrx_word' id='word_1_47' title='bbox 1840 917 2168 1001; x_wconf 75' lang='lat' dir='ltr'>publicam</span> 
     </span>
     <span class='ocr_line' id='line_1_8' title="bbox 254 1006 2166 1093; baseline 0.001 -24"><span class='ocrx_word' id='word_1_48' title='bbox 254 1007 499 1071; x_wconf 88' lang='lat' dir='ltr'>meritis</span> <span class='ocrx_word' id='word_1_49' title='bbox 548 1011 614 1072; x_wconf 86' lang='lat' dir='ltr'>et</span> <span class='ocrx_word' id='word_1_50' title='bbox 654 1031 773 1093; x_wconf 91' lang='lat' dir='ltr'>pro</span> <span class='ocrx_word' id='word_1_51' title='bbox 812 1009 1207 1093; x_wconf 88' lang='lat' dir='ltr'>amplissima</span> <span class='ocrx_word' id='word_1_52' title='bbox 1240 1006 1523 1071; x_wconf 82' lang='lat' dir='ltr'>familiae</span> <span class='ocrx_word' id='word_1_53' title='bbox 1560 1006 1876 1092; x_wconf 87' lang='lat' dir='ltr'>dignitate</span> <span class='ocrx_word' id='word_1_54' title='bbox 1914 1026 2166 1071; x_wconf 90' lang='lat' dir='ltr'>summo</span> 
     </span>
     <span class='ocr_line' id='line_1_9' title="bbox 257 1095 2168 1182; baseline -0.001 -23"><span class='ocrx_word' id='word_1_55' title='bbox 257 1095 497 1180; x_wconf 82' lang='lat' dir='ltr'>studio,</span> <span class='ocrx_word' id='word_1_56' title='bbox 560 1097 808 1161; x_wconf 85' lang='lat' dir='ltr'>cunctis</span> <span class='ocrx_word' id='word_1_57' title='bbox 872 1097 1195 1182; x_wconf 85' lang='lat' dir='ltr'>suffragiis</span> <span class='ocrx_word' id='word_1_58' title='bbox 1249 1096 1580 1161; x_wconf 89' lang='lat' dir='ltr'>consulem</span> <span class='ocrx_word' id='word_1_59' title='bbox 1632 1095 1922 1160; x_wconf 86' lang='lat' dir='ltr'>facturus</span> <span class='ocrx_word' id='word_1_60' title='bbox 1981 1097 2168 1175; x_wconf 88' lang='lat' dir='ltr'>esset,</span> 
     </span>
     <span class='ocr_line' id='line_1_10' title="bbox 254 1144 2168 1267; baseline -0.001 -19"><span class='ocrx_word' id='word_1_61' title='bbox 254 1186 476 1249; x_wconf 89' lang='lat' dir='ltr'>tamen</span> <span class='ocrx_word' id='word_1_62' title='bbox 538 1184 895 1249; x_wconf 80' lang='lat' dir='ltr'>incredibili</span> <span class='ocrx_word' id='word_1_63' title='bbox 956 1186 1208 1250; x_wconf 87' lang='lat' dir='ltr'>laetitia</span> <span class='ocrx_word' id='word_1_64' title='bbox 1270 1205 1413 1249; x_wconf 91' lang='lat' dir='ltr'>sum</span> <span class='ocrx_word' id='word_1_65' title='bbox 1475 1184 1766 1266; x_wconf 74' lang='lat' dir='ltr'>affectuS,</span> <span class='ocrx_word' id='word_1_66' title='bbox 1839 1204 2038 1267; x_wconf 91' lang='lat' dir='ltr'>quum</span> <span class='ocrx_word' id='word_1_67' title='bbox 2099 1144 2168 1245; x_wconf 83' lang='lat' dir='ltr'>id&#39;</span> 
     </span>
     <span class='ocr_line' id='line_1_11' title="bbox 255 1270 2166 1359; baseline -0.001 -23"><span class='ocrx_word' id='word_1_68' title='bbox 255 1272 417 1336; x_wconf 90' lang='lat' dir='ltr'>mihi</span> <span class='ocrx_word' id='word_1_69' title='bbox 460 1273 834 1338; x_wconf 86' lang='lat' dir='ltr'>nuntiatum</span> <span class='ocrx_word' id='word_1_70' title='bbox 870 1277 986 1359; x_wconf 84' lang='lat' dir='ltr'>est,</span> <span class='ocrx_word' id='word_1_71' title='bbox 1032 1294 1303 1358; x_wconf 90' lang='lat' dir='ltr'>eumque</span> <span class='ocrx_word' id='word_1_72' title='bbox 1342 1272 1657 1337; x_wconf 87' lang='lat' dir='ltr'>honorem</span> <span class='ocrx_word' id='word_1_73' title='bbox 1690 1271 1812 1335; x_wconf 90' lang='lat' dir='ltr'>tibi</span> <span class='ocrx_word' id='word_1_74' title='bbox 1847 1271 2002 1336; x_wconf 90' lang='lat' dir='ltr'>deos</span> <span class='ocrx_word' id='word_1_75' title='bbox 2036 1270 2166 1335; x_wconf 88' lang='lat' dir='ltr'>for·</span> 
     </span>
     <span class='ocr_line' id='line_1_12' title="bbox 255 1361 2165 1445; baseline -0.001 -21"><span class='ocrx_word' id='word_1_76' title='bbox 255 1363 485 1425; x_wconf 89' lang='lat' dir='ltr'>tunare</span> <span class='ocrx_word' id='word_1_77' title='bbox 548 1362 696 1426; x_wconf 82' lang='lat' dir='ltr'>volo</span> <span class='ocrx_word' id='word_1_78' title='bbox 761 1384 801 1425; x_wconf 89' lang='lat' dir='ltr'>a</span> <span class='ocrx_word' id='word_1_79' title='bbox 844 1364 1035 1445; x_wconf 88' lang='lat' dir='ltr'>teque</span> <span class='ocrx_word' id='word_1_80' title='bbox 1100 1382 1178 1425; x_wconf 84' lang='lat' dir='ltr'>ex</span> <span class='ocrx_word' id='word_1_81' title='bbox 1239 1365 1356 1425; x_wconf 89' lang='lat' dir='ltr'>tua</span> <span class='ocrx_word' id='word_1_82' title='bbox 1407 1361 1848 1443; x_wconf 90' lang='lat' dir='ltr'>maiorumque</span> <span class='ocrx_word' id='word_1_83' title='bbox 1905 1362 2165 1424; x_wconf 91' lang='lat' dir='ltr'>tuorum</span> 
     </span>
    </p>

    <p class='ocr_par' dir='ltr' id='par_1_6' title="bbox 188 1447 2165 2420">
     <span class='ocr_line' id='line_1_13' title="bbox 188 1447 2165 1533; baseline 0 -22"><span class='ocrx_word' id='word_1_84' title='bbox 188 1463 220 1511; x_wconf 85' lang='grc'><strong>2</strong></span> <span class='ocrx_word' id='word_1_85' title='bbox 258 1448 575 1533; x_wconf 74' lang='lat' dir='ltr'>dignitate</span> <span class='ocrx_word' id='word_1_86' title='bbox 603 1449 1058 1514; x_wconf 84' lang='lat' dir='ltr'>administrari.</span> <span class='ocrx_word' id='word_1_87' title='bbox 1130 1448 1346 1533; x_wconf 88' lang='lat' dir='ltr'>Atque</span> <span class='ocrx_word' id='word_1_88' title='bbox 1372 1449 1624 1513; x_wconf 89' lang='lat' dir='ltr'>utinam</span> <span class='ocrx_word' id='word_1_89' title='bbox 1650 1468 1955 1532; x_wconf 89' lang='lat' dir='ltr'>praesens</span> <span class='ocrx_word' id='word_1_90' title='bbox 1982 1447 2165 1511; x_wconf 91' lang='lat' dir='ltr'>illum</span> 
     </span>
     <span class='ocr_line' id='line_1_14' title="bbox 259 1536 2164 1622; baseline 0 -22"><span class='ocrx_word' id='word_1_91' title='bbox 259 1536 427 1601; x_wconf 87' lang='lat' dir='ltr'>diem</span> <span class='ocrx_word' id='word_1_92' title='bbox 478 1536 639 1601; x_wconf 87' lang='lat' dir='ltr'>mihi</span> <span class='ocrx_word' id='word_1_93' title='bbox 693 1539 1169 1622; x_wconf 88' lang='lat' dir='ltr'>optatissimum</span> <span class='ocrx_word' id='word_1_94' title='bbox 1231 1538 1443 1603; x_wconf 83' lang='lat' dir='ltr'>videre</span> <span class='ocrx_word' id='word_1_95' title='bbox 1505 1537 1860 1621; x_wconf 88' lang='lat' dir='ltr'>potuissem</span> <span class='ocrx_word' id='word_1_96' title='bbox 1920 1558 2164 1621; x_wconf 82' lang='lat' dir='ltr'>proque</span> 
     </span>
     <span class='ocr_line' id='line_1_15' title="bbox 255 1624 2164 1712; baseline -0.001 -23"><span class='ocrx_word' id='word_1_97' title='bbox 255 1625 386 1690; x_wconf 89' lang='lat' dir='ltr'>tuis</span> <span class='ocrx_word' id='word_1_98' title='bbox 441 1626 850 1710; x_wconf 80' lang='lat' dir='ltr'>amplissimis</span> <span class='ocrx_word' id='word_1_99' title='bbox 913 1647 1068 1712; x_wconf 89' lang='lat' dir='ltr'>erga</span> <span class='ocrx_word' id='word_1_100' title='bbox 1131 1647 1233 1690; x_wconf 92' lang='lat' dir='ltr'>me</span> <span class='ocrx_word' id='word_1_101' title='bbox 1292 1624 1521 1690; x_wconf 88' lang='lat' dir='ltr'>studiis</span> <span class='ocrx_word' id='word_1_102' title='bbox 1584 1628 1775 1709; x_wconf 84' lang='lat' dir='ltr'>atque</span> <span class='ocrx_word' id='word_1_103' title='bbox 1839 1624 2164 1689; x_wconf 85' lang='lat' dir='ltr'>beneficiis</span> 
     </span>
     <span class='ocr_line' id='line_1_16' title="bbox 255 1712 2162 1798; baseline -0.001 -21"><span class='ocrx_word' id='word_1_104' title='bbox 255 1712 377 1777; x_wconf 90' lang='lat' dir='ltr'>tibi</span> <span class='ocrx_word' id='word_1_105' title='bbox 424 1736 686 1798; x_wconf 82' lang='lat' dir='ltr'>operam</span> <span class='ocrx_word' id='word_1_106' title='bbox 732 1736 941 1779; x_wconf 89' lang='lat' dir='ltr'>meam</span> <span class='ocrx_word' id='word_1_107' title='bbox 987 1714 1395 1797; x_wconf 77' lang='lat' dir='ltr'>studiumque</span> <span class='ocrx_word' id='word_1_108' title='bbox 1439 1715 1703 1778; x_wconf 80' lang='lat' dir='ltr'>navare!</span> <span class='ocrx_word' id='word_1_109' title='bbox 1761 1734 1953 1797; x_wconf 87' lang='lat' dir='ltr'>quam</span> <span class='ocrx_word' id='word_1_110' title='bbox 2008 1712 2162 1776; x_wconf 91' lang='lat' dir='ltr'>mihi</span> 
     </span>
     <span class='ocr_line' id='line_1_17' title="bbox 256 1800 2162 1887; baseline -0.001 -21"><span class='ocrx_word' id='word_1_111' title='bbox 256 1801 633 1867; x_wconf 80' lang='lat' dir='ltr'>facultatem</span> <span class='ocrx_word' id='word_1_112' title='bbox 680 1804 986 1887; x_wconf 91' lang='lat' dir='ltr'>quoniam</span> <span class='ocrx_word' id='word_1_113' title='bbox 1030 1802 1136 1869; x_wconf 87' lang='lat' dir='ltr'>hic</span> <span class='ocrx_word' id='word_1_114' title='bbox 1190 1801 1613 1887; x_wconf 88' lang='lat' dir='ltr'>necopinatus</span> <span class='ocrx_word' id='word_1_115' title='bbox 1658 1804 1724 1866; x_wconf 92' lang='lat' dir='ltr'>et</span> <span class='ocrx_word' id='word_1_116' title='bbox 1780 1800 2162 1886; x_wconf 81' lang='lat' dir='ltr'>improvisus</span> 
     </span>
     <span class='ocr_line' id='line_1_18' title="bbox 257 1890 2163 1975; baseline -0.001 -21"><span class='ocrx_word' id='word_1_117' title='bbox 257 1890 626 1974; x_wconf 86' lang='lat' dir='ltr'>provinciae</span> <span class='ocrx_word' id='word_1_118' title='bbox 664 1912 848 1956; x_wconf 87' lang='lat' dir='ltr'>casus</span> <span class='ocrx_word' id='word_1_119' title='bbox 887 1892 1139 1975; x_wconf 85' lang='lat' dir='ltr'>eripuit,</span> <span class='ocrx_word' id='word_1_120' title='bbox 1180 1894 1419 1974; x_wconf 88' lang='lat' dir='ltr'>tamen,</span> <span class='ocrx_word' id='word_1_121' title='bbox 1454 1894 1529 1955; x_wconf 88' lang='lat' dir='ltr'>ut</span> <span class='ocrx_word' id='word_1_122' title='bbox 1562 1893 1627 1954; x_wconf 91' lang='lat' dir='ltr'>te</span> <span class='ocrx_word' id='word_1_123' title='bbox 1665 1891 1995 1955; x_wconf 89' lang='lat' dir='ltr'>consulem</span> <span class='ocrx_word' id='word_1_124' title='bbox 2028 1910 2163 1953; x_wconf 90' lang='lat' dir='ltr'>rem</span> 
     </span>
     <span class='ocr_line' id='line_1_19' title="bbox 257 1977 2162 2065; baseline 0 -23"><span class='ocrx_word' id='word_1_125' title='bbox 257 1978 583 2062; x_wconf 85' lang='lat' dir='ltr'>publicam</span> <span class='ocrx_word' id='word_1_126' title='bbox 627 2000 746 2063; x_wconf 91' lang='lat' dir='ltr'>pro</span> <span class='ocrx_word' id='word_1_127' title='bbox 780 1983 897 2044; x_wconf 89' lang='lat' dir='ltr'>tua</span> <span class='ocrx_word' id='word_1_128' title='bbox 931 1980 1248 2065; x_wconf 87' lang='lat' dir='ltr'>dignitate</span> <span class='ocrx_word' id='word_1_129' title='bbox 1286 1981 1615 2065; x_wconf 84' lang='lat' dir='ltr'>gerentem</span> <span class='ocrx_word' id='word_1_130' title='bbox 1650 1979 1865 2044; x_wconf 82' lang='lat' dir='ltr'>videre</span> <span class='ocrx_word' id='word_1_131' title='bbox 1905 1977 2162 2062; x_wconf 87' lang='lat' dir='ltr'>possim,</span> 
     </span>
     <span class='ocr_line' id='line_1_20' title="bbox 258 2065 2164 2152; baseline -0.001 -21"><span class='ocrx_word' id='word_1_132' title='bbox 258 2086 496 2152; x_wconf 84' lang='lat' dir='ltr'>magno</span> <span class='ocrx_word' id='word_1_133' title='bbox 544 2088 736 2151; x_wconf 90' lang='lat' dir='ltr'>opere</span> <span class='ocrx_word' id='word_1_134' title='bbox 790 2089 831 2132; x_wconf 89' lang='lat' dir='ltr'>a</span> <span class='ocrx_word' id='word_1_135' title='bbox 872 2071 938 2133; x_wconf 91' lang='lat' dir='ltr'>te</span> <span class='ocrx_word' id='word_1_136' title='bbox 983 2072 1162 2152; x_wconf 87' lang='lat' dir='ltr'>peto,</span> <span class='ocrx_word' id='word_1_137' title='bbox 1221 2071 1296 2133; x_wconf 86' lang='lat' dir='ltr'>ut</span> <span class='ocrx_word' id='word_1_138' title='bbox 1348 2088 1609 2151; x_wconf 88' lang='lat' dir='ltr'>operam</span> <span class='ocrx_word' id='word_1_139' title='bbox 1661 2067 1774 2132; x_wconf 88' lang='lat' dir='ltr'>des</span> <span class='ocrx_word' id='word_1_140' title='bbox 1817 2067 1861 2146; x_wconf 61' lang='grc' dir='ltr'>’ξ’</span> <span class='ocrx_word' id='word_1_141' title='bbox 1906 2065 2164 2147; x_wconf 82' lang='lat' dir='ltr'>efficiaS‚</span> 
     </span>
     <span class='ocr_line' id='line_1_21' title="bbox 257 2154 2162 2250; baseline -0.001 -31"><span class='ocrx_word' id='word_1_142' title='bbox 257 2175 342 2219; x_wconf 91' lang='lat' dir='ltr'>ne</span> <span class='ocrx_word' id='word_1_143' title='bbox 397 2154 551 2239; x_wconf 90' lang='lat' dir='ltr'>quid</span> <span class='ocrx_word' id='word_1_144' title='bbox 595 2155 755 2221; x_wconf 84' lang='lat' dir='ltr'>mihi</span> <span class='ocrx_word' id='word_1_145' title='bbox 806 2156 922 2221; x_wconf 87' lang='lat' dir='ltr'>fiat</span> <span class='ocrx_word' id='word_1_146' title='bbox 973 2156 1246 2221; x_wconf 88' lang='lat' dir='ltr'>iniuriae</span> <span class='ocrx_word' id='word_1_147' title='bbox 1297 2176 1460 2221; x_wconf 83' lang='lat' dir='ltr'>neve</span> <span class='ocrx_word' id='word_1_148' title='bbox 1513 2155 1667 2238; x_wconf 92' lang='lat' dir='ltr'>quid</span> <span class='ocrx_word' id='word_1_149' title='bbox 1718 2154 2061 2250; x_wconf 85' lang='lat' dir='ltr'>temporis</span> <span class='ocrx_word' id='word_1_150' title='bbox 2082 2154 2162 2218; x_wconf 88' lang='lat' dir='ltr'>ad</span> 
     </span>
     <span class='ocr_line' id='line_1_22' title="bbox 258 2234 2163 2327; baseline -0.001 -20"><span class='ocrx_word' id='word_1_151' title='bbox 258 2263 472 2308; x_wconf 88' lang='lat' dir='ltr'>meum</span> <span class='ocrx_word' id='word_1_152' title='bbox 510 2265 797 2310; x_wconf 87' lang='lat' dir='ltr'>annuum</span> <span class='ocrx_word' id='word_1_153' title='bbox 833 2267 1066 2310; x_wconf 87' lang='lat' dir='ltr'>munus</span> <span class='ocrx_word' id='word_1_154' title='bbox 1103 2244 1391 2327; x_wconf 81' lang='lat' dir='ltr'>accedat3</span> <span class='ocrx_word' id='word_1_155' title='bbox 1436 2243 1607 2326; x_wconf 90' lang='lat' dir='ltr'>quod</span> <span class='ocrx_word' id='word_1_156' title='bbox 1644 2243 1700 2308; x_wconf 88' lang='lat' dir='ltr'>si</span> <span class='ocrx_word' id='word_1_157' title='bbox 1742 2243 1988 2326; x_wconf 82' lang='lat' dir='ltr'>feceris,</span> <span class='ocrx_word' id='word_1_158' title='bbox 2031 2234 2163 2307; x_wconf 85' lang='lat' dir='ltr'>ma-</span> 
     </span>
     <span class='ocr_line' id='line_1_23' title="bbox 259 2330 2161 2420; baseline -0.001 -24"><span class='ocrx_word' id='word_1_159' title='bbox 259 2352 428 2417; x_wconf 84' lang='lat' dir='ltr'>gnus</span> <span class='ocrx_word' id='word_1_160' title='bbox 456 2333 539 2397; x_wconf 94' lang='lat' dir='ltr'>ad</span> <span class='ocrx_word' id='word_1_161' title='bbox 573 2337 689 2398; x_wconf 89' lang='lat' dir='ltr'>tua</span> <span class='ocrx_word' id='word_1_162' title='bbox 714 2334 989 2420; x_wconf 87' lang='lat' dir='ltr'>pristina</span> <span class='ocrx_word' id='word_1_163' title='bbox 1017 2354 1173 2419; x_wconf 88' lang='lat' dir='ltr'>erga</span> <span class='ocrx_word' id='word_1_164' title='bbox 1197 2354 1302 2397; x_wconf 91' lang='lat' dir='ltr'>me</span> <span class='ocrx_word' id='word_1_165' title='bbox 1331 2332 1544 2397; x_wconf 84' lang='lat' dir='ltr'>studia</span> <span class='ocrx_word' id='word_1_166' title='bbox 1570 2332 1863 2397; x_wconf 88' lang='lat' dir='ltr'>cumulus</span> <span class='ocrx_word' id='word_1_167' title='bbox 1890 2330 2161 2396; x_wconf 84' lang='lat' dir='ltr'>accedet.</span> 
     </span>
    </p>
   </div>
   <div class='ocr_carea' id='block_1_6' title="bbox 296 2543 2119 2728">
    <p class='ocr_par' dir='ltr' id='par_1_7' title="bbox 296 2543 2119 2728">
     <span class='ocr_line' id='line_1_24' title="bbox 1121 2543 1304 2610; baseline 0 0"><span class='ocrx_word' id='word_1_168' title='bbox 1121 2543 1304 2610; x_wconf 89' lang='lat' dir='ltr'><strong>XIII.</strong></span> 
     </span>
     <span class='ocr_line' id='line_1_25' title="bbox 296 2653 2119 2728; baseline -0.002 -17"><span class='ocrx_word' id='word_1_169' title='bbox 296 2653 412 2711; x_wconf 84' lang='lat' dir='ltr'>Sor.</span> <span class='ocrx_word' id='word_1_170' title='bbox 447 2653 511 2712; x_wconf 90' lang='lat' dir='ltr'>in</span> <span class='ocrx_word' id='word_1_171' title='bbox 547 2654 746 2711; x_wconf 86' lang='lat' dir='ltr'>Cilicia</span> <span class='ocrx_word' id='word_1_172' title='bbox 782 2658 979 2713; x_wconf 89' lang='lat' dir='ltr'>eodem</span> <span class='ocrx_word' id='word_1_173' title='bbox 1013 2659 1285 2728; x_wconf 85' lang='lat' dir='ltr'>tempore,</span> <span class='ocrx_word' id='word_1_174' title='bbox 1322 2673 1434 2726; x_wconf 89' lang='lat' dir='ltr'>quo</span> <span class='ocrx_word' id='word_1_175' title='bbox 1469 2656 1575 2727; x_wconf 88' lang='lat' dir='ltr'>Ep.</span> <span class='ocrx_word' id='word_1_176' title='bbox 1616 2662 1697 2724; x_wconf 90' lang='lat'>10,</span> <span class='ocrx_word' id='word_1_177' title='bbox 1735 2672 1788 2710; x_wconf 83' lang='lat' dir='ltr'>a.</span> <span class='ocrx_word' id='word_1_178' title='bbox 1822 2673 1877 2709; x_wconf 88' lang='grc'>11.</span> <span class='ocrx_word' id='word_1_179' title='bbox 1915 2671 1963 2710; x_wconf 89' lang='lat' dir='ltr'>c.</span> <span class='ocrx_word' id='word_1_180' title='bbox 2002 2659 2119 2708; x_wconf 76' lang='lat'><strong>704.</strong></span> 
     </span>
    </p>
   </div>
   <div class='ocr_carea' id='block_1_7' title="bbox 523 2777 1893 2837">
    <p class='ocr_par' dir='ltr' id='par_1_8' title="bbox 523 2777 1893 2837">
     <span class='ocr_line' id='line_1_26' title="bbox 523 2777 1893 2837; baseline -0.001 -3"><span class='ocrx_word' id='word_1_181' title='bbox 523 2779 598 2834; x_wconf 83' lang='lat' dir='ltr'>M.</span> <span class='ocrx_word' id='word_1_182' title='bbox 638 2779 898 2837; x_wconf 83' lang='lat' dir='ltr'>CICERO</span> <span class='ocrx_word' id='word_1_183' title='bbox 935 2781 1081 2836; x_wconf 85' lang='lat' dir='ltr'><strong>IMP.</strong></span> <span class='ocrx_word' id='word_1_184' title='bbox 1122 2781 1178 2836; x_wconf 80' lang='lat' dir='ltr'>S.</span> <span class='ocrx_word' id='word_1_185' title='bbox 1215 2781 1281 2836; x_wconf 91' lang='lat' dir='ltr'>D.</span> <span class='ocrx_word' id='word_1_186' title='bbox 1322 2780 1383 2834; x_wconf 87' lang='lat' dir='ltr'>L.</span> <span class='ocrx_word' id='word_1_187' title='bbox 1419 2778 1706 2835; x_wconf 86' lang='lat' dir='ltr'><strong>PAULLO</strong></span> <span class='ocrx_word' id='word_1_188' title='bbox 1745 2777 1893 2834; x_wconf 87' lang='lat' dir='ltr'>COS.</span> 
     </span>
    </p>
   </div>
   <div class='ocr_carea' id='block_1_8' title="bbox 192 2878 2160 3142">
    <p class='ocr_par' dir='ltr' id='par_1_9' title="bbox 192 2878 2160 3142">
     <span class='ocr_line' id='line_1_27' title="bbox 192 2878 2159 2966; baseline -0.001 -24"><span class='ocrx_word' id='word_1_189' title='bbox 192 2894 220 2942; x_wconf 86' lang='lat'><strong>1</strong></span> <span class='ocrx_word' id='word_1_190' title='bbox 392 2878 670 2945; x_wconf 86' lang='lat' dir='ltr'>Maxime</span> <span class='ocrx_word' id='word_1_191' title='bbox 725 2880 885 2945; x_wconf 90' lang='lat' dir='ltr'>mihi</span> <span class='ocrx_word' id='word_1_192' title='bbox 936 2881 1064 2946; x_wconf 84' lang='lat' dir='ltr'>fuit</span> <span class='ocrx_word' id='word_1_193' title='bbox 1118 2883 1414 2966; x_wconf 87' lang='lat' dir='ltr'>optatum</span> <span class='ocrx_word' id='word_1_194' title='bbox 1466 2879 1712 2945; x_wconf 86' lang='lat' dir='ltr'>Romae</span> <span class='ocrx_word' id='word_1_195' title='bbox 1772 2900 1911 2944; x_wconf 91' lang='lat' dir='ltr'>esse</span> <span class='ocrx_word' id='word_1_196' title='bbox 1955 2881 2159 2943; x_wconf 86' lang='lat' dir='ltr'>tecum</span> 
     </span>
     <span class='ocr_line' id='line_1_28' title="bbox 261 2966 2160 3054; baseline -0.002 -21"><span class='ocrx_word' id='word_1_197' title='bbox 261 2969 497 3033; x_wconf 86' lang='lat' dir='ltr'>multas</span> <span class='ocrx_word' id='word_1_198' title='bbox 543 2968 626 3034; x_wconf 91' lang='lat' dir='ltr'>ob</span> <span class='ocrx_word' id='word_1_199' title='bbox 673 2989 918 3053; x_wconf 82' lang='lat' dir='ltr'>causas,</span> <span class='ocrx_word' id='word_1_200' title='bbox 963 2969 1075 3034; x_wconf 90' lang='lat' dir='ltr'>sed</span> <span class='ocrx_word' id='word_1_201' title='bbox 1117 2969 1486 3054; x_wconf 89' lang='lat' dir='ltr'>praecipue,</span> <span class='ocrx_word' id='word_1_202' title='bbox 1537 2971 1613 3032; x_wconf 87' lang='lat' dir='ltr'>ut</span> <span class='ocrx_word' id='word_1_203' title='bbox 1666 2970 1733 3032; x_wconf 90' lang='lat' dir='ltr'>et</span> <span class='ocrx_word' id='word_1_204' title='bbox 1774 2968 1845 3031; x_wconf 94' lang='lat' dir='ltr'>in</span> <span class='ocrx_word' id='word_1_205' title='bbox 1889 2966 2160 3051; x_wconf 86' lang='lat' dir='ltr'>petendo</span> 
     </span>
     <span class='ocr_line' id='line_1_29' title="bbox 263 3055 2160 3142; baseline -0.001 -22"><span class='ocrx_word' id='word_1_206' title='bbox 263 3059 328 3120; x_wconf 90' lang='lat' dir='ltr'>et</span> <span class='ocrx_word' id='word_1_207' title='bbox 362 3056 433 3121; x_wconf 93' lang='lat' dir='ltr'>in</span> <span class='ocrx_word' id='word_1_208' title='bbox 470 3056 752 3142; x_wconf 88' lang='lat' dir='ltr'>gerendo</span> <span class='ocrx_word' id='word_1_209' title='bbox 790 3058 1130 3123; x_wconf 89' lang='lat' dir='ltr'>consulatu</span> <span class='ocrx_word' id='word_1_210' title='bbox 1166 3079 1380 3122; x_wconf 89' lang='lat' dir='ltr'>meum</span> <span class='ocrx_word' id='word_1_211' title='bbox 1414 3056 1535 3121; x_wconf 89' lang='lat' dir='ltr'>tibi</span> <span class='ocrx_word' id='word_1_212' title='bbox 1572 3055 1859 3121; x_wconf 90' lang='lat' dir='ltr'>debitum</span> <span class='ocrx_word' id='word_1_213' title='bbox 1888 3055 2160 3120; x_wconf 87' lang='lat' dir='ltr'>studium</span> 
     </span>
    </p>
   </div>
   <div class='ocr_carea' id='block_1_9' title="bbox 265 3280 2158 3564">
    <p class='ocr_par' dir='ltr' id='par_1_10' title="bbox 265 3280 2158 3563">
     <span class='ocr_line' id='line_1_30' title="bbox 292 3280 2158 3354; baseline 0.001 -20"><span class='ocrx_word' id='word_1_214' title='bbox 292 3295 307 3310; x_wconf 93' lang='lat'><strong>·</strong></span> <span class='ocrx_word' id='word_1_215' title='bbox 402 3280 505 3351; x_wconf 88' lang='grc' dir='ltr'>ΕΡ</span> <span class='ocrx_word' id='word_1_216' title='bbox 547 3289 628 3338; x_wconf 81' lang='lat'>12</span> <span class='ocrx_word' id='word_1_217' title='bbox 706 3283 1030 3339; x_wconf 78' lang='lat' dir='ltr'><strong><em>PAVLLO</em></strong></span> <span class='ocrx_word' id='word_1_218' title='bbox 1065 3285 1202 3354; x_wconf 76' lang='grc'>(11..)</span> <span class='ocrx_word' id='word_1_219' title='bbox 1276 3282 1546 3338; x_wconf 76' lang='lat' dir='ltr'><strong><em>PAVLo</em></strong></span> <span class='ocrx_word' id='word_1_220' title='bbox 1583 3284 1643 3337; x_wconf 88' lang='lat' dir='ltr'>B.</span> <span class='ocrx_word' id='word_1_221' title='bbox 1721 3288 1769 3337; x_wconf 86' lang='lat'>1.</span> <span class='ocrx_word' id='word_1_222' title='bbox 1823 3283 2088 3352; x_wconf 72' lang='lat' dir='ltr'>diynitate</span> <span class='ocrx_word' id='word_1_223' title='bbox 2118 3295 2158 3334; x_wconf 75' lang='lat' dir='ltr'>s.</span> 
     </span>
     <span class='ocr_line' id='line_1_31' title="bbox 267 3300 2158 3424; baseline -0.005 -11"><span class='ocrx_word' id='word_1_224' title='bbox 267 3347 414 3417; x_wconf 85' lang='lat' dir='ltr'><strong>(W..)</strong></span> <span class='ocrx_word' id='word_1_225' title='bbox 450 3300 578 3417; x_wconf 68' lang='lat' dir='ltr'>Pd„</span> <span class='ocrx_word' id='word_1_226' title='bbox 624 3369 668 3408; x_wconf 76' lang='grc' dir='ltr'><strong>ε.</strong></span> <span class='ocrx_word' id='word_1_227' title='bbox 704 3355 892 3424; x_wconf 84' lang='lat' dir='ltr'>vulgo.</span> <span class='ocrx_word' id='word_1_228' title='bbox 983 3360 1032 3408; x_wconf 82' lang='lat'>2.</span> <span class='ocrx_word' id='word_1_229' title='bbox 1087 3356 1180 3409; x_wconf 77' lang='lat' dir='ltr'>des</span> <span class='ocrx_word' id='word_1_230' title='bbox 1213 3358 1250 3421; x_wconf 89' lang='lat'>†</span> <span class='ocrx_word' id='word_1_231' title='bbox 1286 3356 1495 3422; x_wconf 73' lang='lat' dir='ltr'>efficias</span> <span class='ocrx_word' id='word_1_232' title='bbox 1541 3354 1690 3421; x_wconf 88' lang='lat' dir='ltr'><strong>(W..)</strong></span> <span class='ocrx_word' id='word_1_233' title='bbox 1780 3353 1899 3418; x_wconf 65' lang='lat' dir='ltr'>dec,</span> <span class='ocrx_word' id='word_1_234' title='bbox 1944 3353 2158 3414; x_wconf 78' lang='lat' dir='ltr'>enitare,</span> 
     </span>
     <span class='ocr_line' id='line_1_32' title="bbox 265 3373 2157 3492; baseline -0.001 -17"><span class='ocrx_word' id='word_1_235' title='bbox 265 3373 908 3491; x_wconf 72' lang='lat' dir='ltr'>effi(W.)autdeseffi</span> <span class='ocrx_word' id='word_1_236' title='bbox 839 3425 1022 3491; x_wconf 72' lang='lat' dir='ltr'>fficias</span> <span class='ocrx_word' id='word_1_237' title='bbox 1096 3442 1122 3478; x_wconf 85' lang='lat' dir='ltr'>e</span> <span class='ocrx_word' id='word_1_238' title='bbox 1159 3420 2157 3492; x_wconf 79' lang='lat' dir='ltr'>(E..rf)autdeseteff(W...etB)</span> 
     </span>
     <span class='ocr_line' id='line_1_33' title="bbox 267 3425 1722 3564; baseline 0.007 -27"><span class='ocrx_word' id='word_1_239' title='bbox 267 3483 368 3554; x_wconf 89' lang='grc' dir='ltr'><strong>ΕΡ.</strong></span> <span class='ocrx_word' id='word_1_240' title='bbox 409 3493 490 3542; x_wconf 81' lang='lat'>13.</span> <span class='ocrx_word' id='word_1_241' title='bbox 565 3491 888 3548; x_wconf 77' lang='lat' dir='ltr'><strong><em>PAVLLO</em></strong></span> <span class='ocrx_word' id='word_1_242' title='bbox 927 3425 1224 3564; x_wconf 47' lang='lat' dir='ltr'>(indum.</span> <span class='ocrx_word' id='word_1_243' title='bbox 1290 3493 1560 3550; x_wconf 76' lang='lat' dir='ltr'><strong><em>PAVLo</em></strong></span> <span class='ocrx_word' id='word_1_244' title='bbox 1592 3494 1722 3548; x_wconf 82' lang='grc' dir='ltr'>ΜΒ</span> 
     </span>
    </p>
   </div>
  </div>
 </body>
</html>
