2338 3691
230 101 359 165 320
691 177 696 181 .
794 100 868 153 M.
908 99 1150 154 TULLII
1191 97 1572 163 monitoriis

231 247 373 332 quis
435 266 572 311 non
634 242 853 308 videt?
924 264 1099 309 nunc
1172 265 1322 309 vero
1387 243 1583 311 etiam
1646 243 1879 311 erroris
1950 265 2147 310 causa

232 336 488 402 sublata
534 337 655 417 est3
712 333 903 417 culpa
948 332 1119 397 enim
1174 332 1288 399 illa
1331 332 1467 417 „bis
1513 332 1594 399 ad
1640 330 1950 397 eundem“
2009 334 2146 399 vul-

232 423 373 510 gari
416 382 805 507 repreh’ensa
850 420 1191 505 proverbio
1238 425 1354 486 est.
1426 418 1560 505 Sin,
1603 425 1679 486 ut
1713 421 2027 506 scripsisti
2061 421 2146 489 ad

233 514 573 599 collegam,
618 511 711 576 ita
757 531 823 575 se
869 531 971 574 res
1016 509 1241 593 habet,
1296 510 1474 576 omni
1527 531 1681 575 cura
1732 510 1989 581 liberati
2044 533 2145 575 su-

233 624 374 665 mus
384 651 402 685 ‚
461 622 579 666 nec
643 603 863 664 tamen
908 598 1143 664 erimus
1206 599 1414 683 prius,
1477 620 1672 683 quam
1732 599 1827 662 ita
1878 621 2017 667 esse
2071 602 2146 667 tu

232 712 353 756 nos
407 688 635 755 feceris
691 688 1012 753 certiores.
1101 686 1251 752 Mea
1306 687 1590 789 quidem,
1643 691 1718 752 ut
1763 687 1844 753 ad
1898 691 1962 757 te
2010 710 2145 753 sae·

231 780 377 865 pius
424 777 669 862 scripsi,
711 777 872 843 haec
919 776 1241 842 sententia
1286 780 1408 842 est:
1455 777 1566 861 qui
1606 776 1908 861 reliquias
1951 777 2144 843 huius

231 868 385 934 belli
432 867 840 952 oppresserit,
884 889 1030 931 eum
1064 865 1268 931 totius
1304 866 1459 931 belli
1503 865 1936 932 confectorem
1981 864 2146 949 fore3

233 979 424 1043 quem
468 959 533 1021 te
589 960 655 1020 et
708 958 863 1040 opto
918 977 1055 1022 esse
1102 958 1168 1019 et
1214 955 1466 1021 confido
1520 954 1828 1023 futurum.
1920 952 2145 1021 Studia

232 1069 376 1113 mea
431 1066 585 1132 erga
637 1048 732 1129 te,
795 1044 1027 1128 quibus
1082 1047 1252 1109 certe
1307 1045 1488 1117 nulla
1541 1065 1678 1108 esse
1733 1043 1980 1113 maiora
2031 1065 2143 1128 po-

232 1138 516 1219 tuerunt,
559 1134 678 1199 tibi
722 1137 859 1199 tam
905 1136 1092 1219 grata
1136 1152 1295 1217 esse,
1340 1153 1691 1218 quam-ego
1728 1133 1954 1217 putavi
1987 1132 2145 1215 fore,

233 1226 497 1325 minime
551 1223 750 1289 miror
793 1221 1329 1323 vehementerque
1383 1222 1614 1289 laetor:
1670 1240 1833 1306 quae
1888 1221 2144 1306 quidem

232 1319 326 1400 tu,
371 1312 425 1381 si
471 1315 642 1377 recte
688 1312 834 1378 istic
880 1311 1018 1394 erit,
1064 1311 1312 1377 maiora
1357 1314 1424 1376 et
1450 1311 1751 1396 graviora
1777 1332 2141 1400 cognosces

233 1418 364 1468 1111.
409 1399 737 1467 Kalendas
782 1400 1021 1466 Iunias.

1100 1610 1279 1683 XXI.

236 1725 350 1779 Ser.
401 1726 594 1793 (etiam
640 1730 671 1791 θ
711 1730 763 1794 7)
815 1726 876 1780 in
923 1724 1120 1780 castris
1166 1726 1240 1780 ad
1265 1726 1495 1852 7Ilspram
1529 1725 1702 1781 biduo
1748 1727 1879 1796 post
1923 1741 2010 1796 ep.
2060 1731 2138 1779 15.

996 1814 1046 1851 a.
1082 1815 1137 1851 u.
1176 1814 1223 1852 c.
1372 1837 1384 1851 .

827 1921 1157 1977 PLANCUS
1196 1920 1551 1977 CICERONI.

369 2020 647 2087 Puderet
689 2044 790 2087 me
835 2022 1310 2088 inconstantiae
1346 2044 1634 2087 mearum
1668 2022 2046 2107 litterarum,
2090 2023 2143 2087 si

236 2133 372 2177 non
416 2111 576 2175 haec
622 2132 698 2176 ex
740 2111 951 2176 aliena
985 2111 1247 2177 levitate
1283 2111 1654 2196 penderent.
1727 2109 1961 2176 Omnia
2004 2111 2144 2195 feci,

238 2222 366 2284 qua
410 2221 477 2264 re
525 2199 768 2285 Lepido
825 2200 1167 2265 coniuncto
1226 2200 1309 2265 ad
1361 2223 1497 2265 rem
1549 2200 1875 2284 publicam
1929 2199 2143 2265 defen-

238 2289 521 2354 duudam
565 2290 813 2354 minore
860 2289 1289 2355 sollicitudine
1334 2292 1550 2354 vestra
1592 2288 1859 2373 perditis
1895 2290 2143 2355 resiste-

237 2400 398 2443 rem:
455 2378 673 2444 omnia
726 2378 785 2442 ei
830 2382 896 2442 et
939 2378 1187 2463 petenti
1231 2378 1443 2463 recepi
1488 2381 1554 2443 et
1607 2378 1775 2444 ultro
1821 2378 2143 2462 pollicitus

238 2490 382 2531 sum
427 2467 777 2552 scripsique
829 2466 951 2531 tibi
1004 2466 1200 2533 biduo
1257 2471 1408 2531 ante
1453 2466 1771 2533 confidere
1825 2488 1928 2532 me
1970 2466 2144 2533 bono

237 2555 482 2641 Lepido
547 2578 686 2621 esse
749 2578 1014 2620 usurum
1079 2556 1527 2640 communique
1581 2555 1850 2621 consilio
1905 2556 2146 2622 bellum

238 2644 864 2727 administraturum3
909 2643 1146 2709 credidi
1186 2644 1631 2729 chirographis
1668 2644 1823 2728 eius,
1867 2644 2145 2711 affirma·

237 2735 401 2800 tioni
445 2734 804 2819 praesentis
848 2731 1243 2816 Laterensis,
1297 2734 1407 2817 qui
1451 2736 1592 2799 tum
1646 2734 1818 2818 apud
1861 2756 1964 2799 me
2010 2738 2149 2800 erat

237 2824 841 2907 reconciliaremque
887 2844 989 2886 me
1027 2821 1271 2907 Lepido
1307 2822 1624 2906 fidemque
1657 2822 1964 2890 haberem
2009 2844 2146 2889 ora-

237 2912 369 2977 bat.
458 2910 612 2978 Non
666 2911 848 2976 licuit
902 2910 1139 2976 diutius
1186 2911 1349 2975 bene
1405 2910 1482 2975 de
1529 2933 1605 2976 eo
1651 2932 1933 2995 sperare:
1987 2911 2148 2978 illud

239 3005 408 3065 certe
457 3001 596 3066 cavi
641 3003 707 3065 et
750 3000 987 3065 cavebo
1004 3051 1022 3084 ,
1067 3021 1148 3063 ne
1196 3021 1338 3065 mea
1384 2998 1760 3064 credulitate
1803 3000 1897 3065 rei
1940 3001 2148 3086 publi·

240 3108 351 3152 cae
397 3111 647 3154 summa
690 3088 971 3154 fallatur.
1043 3087 1256 3163 Quum
1301 3087 1548 3155 Isaram
1584 3089 1825 3154 fiumen
1867 3111 2000 3156 uno
2048 3090 2150 3156 die

382 3313 484 3382 Ep.
524 3320 618 3382 21,
659 3322 705 3370 1.
786 3318 1107 3373 resisterem:
1161 3318 1398 3373 omnia.
1457 3317 1685 3382 ‚aalma
1738 3318 1947 3373 credidi
1997 3318 2151 3386 (W.).

239 3384 497 3521 glgagim.
537 3384 760 3443 Credidi
794 3388 981 3459 vulgo.
1031 3420 1096 3429 —
1141 3405 1387 3460 sperare.
1433 3389 1578 3447 illud
1613 3388 1763 3458 (W..)
1843 3404 1926 3460 ep.
1987 3389 2031 3443 Ι
2031 3390 2155 3445 llud
