2338 3691
454 133 973 190 EPISTOLARUM
1001 134 1102 189 AD
1135 133 1199 199 Q.
1228 124 1596 191 FRATREM
1622 138 1715 191 111.
1746 144 1793 192 6.
1835 145 1880 193 ’1.
2003 137 2131 201 637

207 282 348 365 ipse
350 332 369 365 2
413 280 526 363 qui
568 280 639 344 in
684 302 933 346 summo
983 280 1195 347 studio
1241 275 1409 344 nihil
1456 302 1778 366 assequor.
1866 280 1965 346 De
2010 281 2129 347 La·

206 369 367 433 tinis
411 390 594 453 vero,
640 390 768 454 quo
814 391 916 434 me
961 371 1238 452 vertam,
1283 369 1530 434 nescio:
1575 369 1670 434 ita
1714 370 2019 435 mendose
2065 373 2132 434 et

211 458 582 522 scribuntur
637 461 704 521 et
756 461 1063 539 veneunt3
1130 457 1242 522 sed
1294 460 1543 542 tamen,
1598 458 1768 542 quod
1823 458 1962 522 fieri
2017 480 2129 542 po·

109 612 114 615 .
207 546 379 629 terit,
416 567 553 611 non
588 546 936 631 negligam.
1022 543 1344 630 Crebrius,
1379 548 1455 610 ut
1492 550 1642 610 ante
1672 545 1755 610 ad
1789 548 1855 609 te
1885 546 2131 631 scripsi,

207 634 456 699 Romae
522 637 645 717 est,
709 638 775 698 et
838 636 947 718 qui
1011 635 1230 700 omnia
1290 634 1334 713 †
1380 634 1649 718 adnuat,
1715 634 1945 699 debere
2008 635 2130 698 tibi

206 722 395 786 valde
440 722 837 788 renuntiant.
909 723 1016 788 Ab
1062 722 1310 788 aerario
1356 726 1516 807 puto
1559 723 1929 788 confectum
1973 743 2129 808 esse,

210 811 366 874 dum
413 811 658 876 absum.

347 898 670 974 Quattuor
720 901 1090 986 tragoedias
1145 900 1427 966 sedecim
1490 901 1715 965 diebus
1779 900 2131 966 absolvisse
2159 922 2183 960 τ

213 1010 413 1071 quum
473 987 713 1053 scribas
722 1039 741 1073 ,
794 993 868 1054 tu
924 989 1276 1074 quidquam
1330 990 1414 1054 ab
1460 989 1589 1054 alio
1643 989 2002 1054 mutuaris?
2068 992 2133 1053 et

210 1073 406 1160 χρέος
451 1077 732 1161 quaeriS‚
787 1099 984 1161 quum
1029 1077 1356 1143 Electram
1413 1079 1479 1141 et
1522 1077 1810 1143 Troadas
1863 1077 2131 1185 scripse·

211 1164 348 1229 ris?
397 1169 682 1231 cessator
726 1187 865 1231 esse
911 1167 1048 1232 noli
1094 1170 1161 1231 et
1203 1166 1363 1231 illud
1408 1165 1629 1249 γνῶθι
1666 1161 1952 1230 σεαυτόν
1995 1166 2132 1230 noli

211 1256 442 1337 putare
491 1253 572 1318 ad
618 1255 1060 1340 arrogantiam
1117 1254 1536 1320 minuendam
1590 1254 1802 1320 solum
1855 1274 1993 1319 esse
2041 1254 2131 1317 di-

211 1345 416 1424 ctum,
469 1363 694 1407 verum
749 1344 945 1409 etiam
987 1347 1063 1409 ut
1105 1345 1281 1409 bona
1334 1346 1562 1408 nostra
1604 1342 1913 1408 norimus.
2006 1339 2131 1406 Sed

212 1433 281 1494 et
333 1392 493 1494 istas
552 1434 619 1495 et
671 1430 1029 1518 Erigonam
1092 1433 1254 1497 mihi
1314 1432 1509 1497 velim
1570 1432 1811 1499 mittas.
1908 1429 2131 1496 Habes

209 1520 301 1583 ad
341 1518 502 1584 duas
549 1519 854 1604 epistolas
898 1521 1246 1607 proximas.

1098 1730 1248 1797 VII.

514 1842 809 1899 MARCUS
849 1842 1131 1910 QUINTO
1163 1843 1438 1899 FRATRI
1475 1840 1832 1901 SALUTEM.

395 1966 512 2022 Sor.
548 1966 610 2022 in
649 1967 964 2022 Tusculano
1000 1984 1192 2023 mense
1227 1967 1537 2024 Novembri
1571 1985 1621 2024 a.
1660 1985 1710 2024 a.
1750 1985 1795 2023 o.
1829 1974 1947 2026 700.

351 2066 598 2131 Romae
645 2070 711 2132 et
763 2067 1036 2132 maxime
1081 2068 1124 2147 †
1171 2071 1238 2132 et
1280 2068 1497 2154 Appia
1551 2068 1632 2133 ad
1687 2068 1917 2134 Martis
1972 2069 2136 2134 mira
2164 2096 2187 2135 ι

210 2155 259 2234 †
306 2153 537 2218 luvies:
600 2153 997 2240 Crassipedis
1052 2156 1406 2222 ambulatio
1471 2157 1715 2241 ablata,
1775 2157 1977 2241 horti,
2037 2161 2134 2221 ta-

211 2243 457 2307 bernae
502 2243 842 2328 plurimae3
891 2265 1132 2329 magna
1176 2245 1273 2309 vis
1321 2266 1525 2329 aquae
1569 2265 1773 2329 usque
1820 2245 1904 2309 ad
1947 2245 2135 2331 pisci-

212 2352 372 2396 nam
416 2331 759 2417 publicam.
849 2331 1052 2417 Viget
1094 2333 1255 2397 illud
1300 2332 1593 2398 Homeri·

303 2457 503 2569 ἤματ’
544 2457 890 2572 ὀπωρινῷ,
938 2460 1046 2530 ὅτε
1091 2460 1505 2549 λαβρότατον
1524 2462 1680 2573 χέει
1725 2460 1912 2549 ὕδωρ

306 2547 499 2633 Ζεύς,
539 2574 649 2616 οτε
687 2548 772 2636 δή
801 2529 862 2637 ῤ’
906 2548 1226 2637 ἄνδρεσσι
1262 2549 1745 2638 κοτεσσαμενος
1772 2549 2133 2640 χαλεπήνῃ·

212 2683 392 2748 eadit
436 2685 609 2749 enim
654 2685 725 2748 in
771 2685 1245 2752 absolutionem
1290 2685 1577 2752 Gabinii:

308 2810 381 2871 οἳ
421 2809 534 2916 βίῃ
583 2808 685 2872 εἰν
731 2802 942 2915 ἀγορῇ
992 2803 1262 2885 σκολιὰς
1305 2813 1582 2918 κρίνωσι
1627 2808 1978 2918 θέμιστας,

305 2893 380 2958 ἐκ
425 2891 501 2959 δε
547 2896 744 2978 δίκην
791 2892 1103 2979 ἐλασωσι,
1157 2898 1343 2963 θεῶν
1389 2893 1548 2963 όπιν
1595 2892 1719 2965 οὐκ
1773 2893 2138 2982 ἀλέγοντες.

358 3122 462 3192 Ep.
503 3129 534 3177 ὅ
573 3125 632 3178 et
668 3129 716 3191 6,
748 3129 796 3178 6.
842 3127 880 3190 †
907 3125 1122 3180 adnuat
1158 3126 1619 3197 (o.‚Ambr.17).
1691 3130 1729 3193 †
1757 3132 2014 3182 annuant
2050 3126 2135 3181 od.

212 3192 391 3246 Laud.
465 3197 503 3260 †
540 3194 773 3249 adiuvat
807 3194 874 3249 R.
947 3199 984 3261 †
1021 3197 1249 3251 adiurat
1283 3196 1448 3250 MIB.
1542 3203 1589 3251 7.
1647 3198 1935 3252 absolvisse
1969 3213 2138 3267 quum

211 3262 436 3331 (MRI.,
483 3264 581 3318 vul
584 3267 697 3334 g.o)
793 3265 1065 3335 Quattuor
1113 3271 1164 3322 te
1217 3272 1356 3336 tray.
1402 3283 1444 3322 s.
1492 3267 1546 3322 d.
1593 3268 1705 3322 abs.
1751 3285 1919 3337 quum
1964 3269 2074 3334 (W.
2080 3271 2136 3336 )¹?

210 3335 326 3388 abs.
368 3338 504 3403 τες.
545 3282 645 3418 (L,
659 3267 804 3403 ).B)‘?
877 3335 980 3405 Ep
1022 3343 1069 3404 7,
1102 3343 1149 3392 1.
1205 3341 1329 3404 †et
1364 3338 1557 3407 Appia
1594 3338 1729 3404 (Ml,
1760 3338 1890 3406 W.)
1963 3338 2134 3393 inA.

210 3405 386 3471 (W.)?
461 3404 656 3529 Appia
691 3406 886 3473 MRI.‚
926 3407 1022 3460 vul
1025 3424 1114 3477 g.o
1164 3438 1231 3448 —
1278 3412 1316 3475 †
1352 3409 1523 3463 luvies
1556 3408 1674 3475 Ml,
1713 3406 1832 3462 Pal.
1875 3415 1922 3475 1,
1965 3415 1993 3461 1
2033 3406 2136 3462 Ox.

213 3475 446 3531 alluvies
484 3478 504 3542 (
574 3478 594 3544 )
635 3478 736 3530 aut
759 3425 1063 3546 proluviesg
1078 3477 1219 3547 (Ma,
1258 3484 1289 3532 2
1327 3477 1785 3545 Pa11„R1.,B.).
