2338 3691
257 124 342 192 52
817 125 892 180 Μ.
931 123 1181 180 TULLII
1217 123 1596 182 CICERONIS

256 294 394 338 non
447 273 728 356 poterat:
791 292 983 355 quem
1033 273 1258 336 tamen
1311 272 1366 335 si
1417 268 1846 355 reliquissem,
1891 268 2182 335 dicerent

256 361 464 445 iniqui
515 382 654 426 non
705 381 808 424 me
862 360 1055 444 plane
1109 361 1263 444 post
1305 380 1576 443 annum,
1630 362 1708 424 ut
1758 360 2024 424 senatus
2070 380 2180 425 vo-

256 449 511 534 luisset,
574 449 653 515 de
715 449 1048 535 provincia
1104 448 1480 533 decessisse,
1544 448 1849 532 quoniam
1903 447 2181 512 alterum

258 559 362 604 me
407 499 832 623 rel’iquissem3
877 538 1153 603 fortasse
1192 537 1390 602 etiam
1424 536 1584 602 illud
1622 536 1950 621 adderent,
1995 557 2181 601 sena-

258 631 403 692 tum
447 649 558 693 eos
603 627 882 693 voluisse
921 626 1272 712 provinciis
1307 646 1619 728 praeesse,
1665 625 1777 710 qui
1814 628 2008 690 antea
2042 646 2182 691 non

257 715 717 802 praefuissent,
770 715 1041 781 fratrem
1084 723 1299 780 meum
1353 713 1708 779 triennium
1751 712 1949 779 Asiae
1992 735 2182 798 prae-

258 805 486 889 fuisse3
532 805 803 889 denique
847 826 1024 870 nunc
1060 804 1373 870 sollicitus
1411 824 1549 869 non
1593 824 1762 868 sum:
1809 803 1866 867 si
1908 802 2183 868 fratrem

258 895 687 979 reliquissem,
754 894 974 958 omnia
1034 893 1346 958 timerem.
1441 891 1779 958 Postremo
1842 912 1979 957 non
2041 894 2185 956 tam

258 1005 405 1048 mea
431 986 661 1069 sponte
690 1003 885 1068 quam
920 982 1518 1067 potentissimorum
1556 980 1830 1047 duorum
1866 981 2185 1065 exemplo,

261 1072 372 1156 qui
418 1093 640 1138 omnes
687 1069 944 1136 Cassios
991 1069 1443 1155 Antoniosque
1490 1069 1805 1154 complexi
1846 1072 2015 1154 sunt,
2061 1069 2182 1135 ho-

257 1160 499 1226 minem
545 1160 1019 1226 adolescentem
1061 1181 1199 1225 non
1243 1163 1380 1224 tam
1426 1159 1680 1224 allicere
1725 1157 1928 1243 volui,
1983 1179 2185 1242 quam

261 1250 542 1325 alienate
585 1249 789 1315 nolui.
856 1247 1003 1315 Hoc
1045 1251 1121 1313 tu
1163 1270 1381 1313 meum
1416 1248 1765 1314 'consilium
1797 1246 2021 1312 laudes
2066 1269 2183 1312 ne-

191 1357 225 1409 5
263 1360 439 1406 cesse
485 1342 601 1425 est,
644 1339 884 1405 mutari
927 1338 1102 1404 enim
1144 1359 1282 1404 non
1325 1339 1559 1440 potest.
1647 1336 1747 1402 De
1794 1333 2013 1401 Ocella
2065 1358 2185 1420 pa-

258 1450 405 1494 rum
450 1428 533 1493 ad
585 1450 689 1494 me
741 1429 935 1514 plane
982 1427 1327 1512 scripseras
1381 1428 1449 1491 81
1489 1427 1562 1490 111
1605 1425 1766 1491 actis
1820 1446 1955 1491 non
2010 1428 2182 1490 erat·

256 1522 411 1583 tuae
463 1539 566 1583 res
622 1522 842 1603 gestae
894 1517 991 1582 ita
1032 1519 1229 1582 notae
1294 1518 1473 1600 sunt,
1525 1517 1602 1580 ut
1653 1517 1835 1580 trans
1889 1517 2185 1580 montem

260 1606 548 1671 Taurum
592 1606 788 1671 etiam
832 1605 910 1670 de
955 1603 1264 1670 Matrinio
1311 1605 1397 1669 sit
1437 1603 1745 1669 auditum.
1832 1601 2002 1689 Ego,
2044 1602 2181 1668 nisi

261 1695 416 1779 quid
469 1715 580 1849 {ie
643 1694 877 1758 etesiae
931 1708 1385 1778 morabuntur,
1448 1692 1768 1779 celeriter,
1829 1695 1905 1757 ut
1963 1713 2182 1778 spem,

260 1804 377 1850 vos
421 1804 487 1849 11
532 1782 672 1849 ebo.

1124 1977 1303 2043 XVI.

343 2089 458 2147 Scr.
495 2090 557 2145 in
593 2088 840 2145 Cumano
877 2106 1068 2147 mense
1104 2090 1289 2161 Aprili
1326 2090 1474 2158 (circ.
1513 2088 1668 2161 Idus)
1704 2105 1755 2144 a.
1792 2107 1847 2144 11.
1887 2105 1934 2145 ο.
1974 2093 2096 2145 705.

622 2215 697 2271 Μ.
735 2214 993 2271 CICERO
1030 2214 1179 2269 ΙΜΡ.
1220 2214 1273 2270 S.
1302 2213 1377 2274 D.
1413 2214 1487 2269 Μ.
1527 2212 1806 2269 CAELIO.

195 2338 224 2389 1
393 2314 640 2405 Magno
687 2316 907 2382 dolore
951 2337 1054 2380 me
1100 2315 1466 2380 affecissent
1507 2317 1660 2378 tuae
1714 2315 1999 2398 litterae,
2050 2314 2183 2379 nisi

260 2406 394 2473 iam
455 2409 522 2472 et
581 2406 748 2472 ratio
810 2406 955 2491 ipsa
1017 2404 1369 2489 depulisset
1431 2424 1654 2469 omnes
1722 2402 2050 2469 molestias
2115 2408 2185 2469 et

264 2496 570 2562 diuturna
614 2494 1061 2579 desperatione
1095 2514 1312 2557 rerum
1350 2492 1758 2558 obduruisset
1797 2492 2050 2558 animus
2096 2492 2180 2558 ad

263 2585 553 2652 dolorem
594 2606 863 2668 novum3
910 2582 1021 2648 sed
1064 2585 1316 2667 tamen,
1362 2603 1558 2666 quare
1604 2580 1931 2665 acciderit,
1983 2584 2062 2646 ut
2103 2603 2184 2647 ex

262 2675 424 2741 meis
470 2673 906 2774 superioribus
951 2671 1186 2737 litteris
1230 2671 1299 2735 id
1344 2671 1765 2756 suspicarere,
1811 2669 1984 2754 quod
2031 2672 2178 2735 scri-

262 2764 393 2849 bis,
444 2762 691 2846 nescio3
747 2761 901 2845 quid
955 2760 1126 2824 enim
1179 2760 1251 2824 in
1307 2759 1435 2824 illis
1479 2758 1607 2825 fuit
1659 2761 1914 2844 praeter
1960 2780 2183 2863 quere·

262 2853 397 2919 lam
458 2849 866 2936 temporum?
933 2871 1095 2934 quae
1147 2871 1286 2915 non
1342 2870 1557 2913 meum
1622 2848 1910 2912 animum
1971 2849 2183 2935 magis

266 2941 613 3007 sollicitum
639 2939 886 3005 habent
912 2960 1107 3023 quam
1132 2942 1345 3021 tuum3
1389 2959 1544 3001 nam
1570 2958 1707 3002 non
1734 2957 1877 3000 eam
1905 2939 2185 3023 cognovi

266 3030 470 3095 aciem
513 3029 762 3115 ingenii
804 3028 928 3113 tui,
975 3028 1147 3112 quod
1190 3028 1329 3112 ipse
1373 3026 1652 3111 videam,
1707 3029 1773 3091 te
1818 3024 1886 3089 id
1928 3029 2006 3090 ut
2049 3049 2186 3092 non

265 3121 489 3203 putem
534 3119 774 3184 videre.
828 3117 987 3182 illud
1034 3117 1259 3201 miror,
1305 3115 1536 3180 adduci
1587 3114 1875 3199 potuisse
1919 3117 2013 3199 te,
2075 3117 2187 3200 qui

267 3228 370 3271 me
415 3206 674 3289 penitus
729 3229 920 3272 nosse
977 3206 1267 3290 deberes,
1329 3207 1405 3269 ut
1468 3204 1863 3268 existimares
1915 3208 2038 3268 aut
2082 3227 2185 3269 me

266 3298 405 3359 tam
449 3294 906 3380 improvidum,
962 3295 1072 3378 qui
1118 3295 1201 3359 ab
1248 3293 1524 3358 excitata
1566 3293 1831 3358 fortuna
1877 3292 1958 3357 ad
2002 3294 2182 3359 incli-

268 3386 491 3448 natam
564 3384 629 3445 et
698 3404 899 3467 prope
971 3384 1290 3448 iacentem
1362 3381 1801 3465 desciscerem‚
1872 3384 1987 3446 aut
2047 3386 2182 3447 tam

268 3472 773 3552 inconstantem,
844 3475 920 3535 ut
992 3472 1326 3537 collectam
1400 3470 1677 3555 gratiam
1747 3468 2186 3536 florentissimi
