2338 3691
705 138 1224 199 EPISTOLARUM
1259 139 1378 196 VII.
1417 147 1466 195 5.
1504 145 1557 197 6.
1953 134 2087 200 201

1068 393 1184 461 VI.

531 505 649 563 Ser.
686 508 897 562 Romae
934 524 1124 563 mense
1160 506 1312 563 Maio
1350 522 1399 561 a.
1435 523 1490 562 u.
1529 522 1575 562 c.
1616 511 1734 562 700.

693 632 947 689 CICERO
986 631 1041 687 S.
1077 632 1143 687 D.
1184 631 1568 688 TREBATIO.

313 729 394 797 In
447 733 748 798 omnibus
810 733 971 798 meis
1027 733 1344 818 epistolis,
1405 753 1567 818 quas
1626 730 1707 796 ad
1753 727 2095 797 Gaesarem
2129 748 2161 801 1

196 824 296 885 aut
330 822 412 886 ad
440 821 720 887 Balbum
755 822 964 907 mitto,
998 822 1289 907 legitima
1325 822 1640 906 quaedam
1677 823 1777 886 est
1811 818 2093 885 accessio

195 910 761 975 commendationis
823 913 1002 995 tuae,
1072 932 1194 975 nec
1256 933 1333 976 ea
1394 909 1679 996 vulgaris
1692 959 1711 995 ,
1774 908 1887 974 sed
1949 929 2096 973 cum

195 998 399 1083 aliquo
442 998 691 1085 insigni
743 999 981 1065 indicio
1036 1021 1216 1064 meae
1271 1020 1427 1085 erga
1477 1003 1543 1064 te
1589 997 2097 1063 benevolentiae.

197 1086 285 1151 Tu
328 1087 522 1154 modo
566 1088 847 1172 ineptias
892 1089 1051 1153 istas
1097 1091 1164 1153 et
1209 1087 1523 1154 desideria
1575 1087 1753 1153 urbis
1800 1089 1867 1151 et
1907 1085 2096 1150 urba·
2186 1128 2189 1131 ι

200 1176 408 1241 nitatis
455 1176 705 1262 depone
743 1179 826 1262 et,
871 1198 998 1261 quo
1036 1176 1305 1242 consilio
1342 1177 1672 1262 profectus
1709 1197 1795 1259 es,
1837 1175 1905 1239 id
1942 1173 2098 1239 assi-

195 1264 429 1330 duitate
475 1268 543 1330 et
585 1265 824 1331 virtute
860 1287 1275 1349 consequere:
1319 1265 1445 1332 hoc
1478 1265 1601 1330 tibi
1634 1268 1774 1329 tam
1807 1265 2099 1348 ignosce·

196 1372 325 1418 mus
373 1375 498 1419 nos
543 1354 752 1439 amici,
797 1376 992 1438 quam
1034 1355 1428 1440 ignoverunt
1470 1353 1756 1438 Medeae,

275 1499 439 1562 quae
477 1475 863 1544 Corinthum
908 1500 1121 1544 arcem
1165 1480 1366 1544 altam
1399 1478 1732 1543 habebant
1766 1477 2102 1540 matronae

934 1567 1300 1653 opulentae,
1344 1568 1711 1652 optimates,

200 1689 421 1771 quibus
460 1690 577 1755 illa
619 1691 920 1756 manibus
957 1691 1434 1777 gypsatissimis
1468 1691 1805 1777 persuasit,
1849 1710 1933 1754 ne
1979 1688 2105 1754 sibi

200 1777 343 1844 vitio
393 1779 541 1843 illae
587 1783 930 1865 verterent,
975 1780 1149 1866 quod
1195 1780 1451 1847 abesset
1494 1801 1535 1844 a
1579 1780 1817 1865 patria3
1861 1799 2037 1843 nam.

279 1904 469 1968 multi
514 1926 699 1970 suam
743 1926 881 1970 rem
925 1905 1089 1969 bene
1128 1926 1384 1990 gessere
1431 1908 1498 1970 et
1531 1905 1859 1990 publicam
1894 1901 2108 1988 patria

280 2080 487 2166 multi,
532 2081 644 2165 qui
689 2080 864 2147 domi
909 1995 1188 2147 aleltggeliii
1234 2084 1521 2168 agerent,
1563 2085 1907 2167 propterea
1953 2082 2108 2144 sunt

935 2170 1312 2260 improbati;

204 2311 321 2373 quo
368 2292 440 2355 in
484 2314 754 2359 numero
800 2297 875 2359 tu
922 2298 1092 2359 certe
1136 2293 1401 2379 fuisses,
1451 2293 1581 2358 nisi
1622 2296 1688 2358 te
1735 2292 2106 2358 extrusisse-
2144 2315 2178 2366 2

202 2398 355 2444 mus.
447 2378 574 2446 Sed
617 2383 807 2466 plura
860 2383 1212 2448 scribemus
1267 2383 1445 2449 alias.
1533 2381 1660 2466 Tu,
1715 2383 1827 2467 qui
1880 2381 2109 2447 ceteris

205 2486 418 2533 cavere
465 2469 760 2554 didicisti,
801 2471 874 2535 in
918 2470 1263 2535 Britannia
1305 2493 1389 2537 ne
1435 2471 1516 2535 ab
1562 2471 1897 2536 essedariis
1944 2470 2109 2535 deci·

203 2554 393 2637 piaris
429 2561 655 2624 caveto
693 2562 776 2644 et,
812 2559 1119 2643 quoniam
1153 2558 1450 2650 Medeam
1487 2560 1670 2644 coepi
1705 2575 1915 2645 agere,
1949 2557 2111 2623 illud

207 2663 449 2729 semper
493 2650 842 2713 memento:

287 2770 397 2853 qui
437 2770 578 2854 ipse
626 2771 751 2836 sibi
794 2772 1052 2856 sapiens
1095 2771 1402 2874 prodesse
1446 2792 1584 2838 non
1627 2772 1793 2857 quit,
1845 2767 2110 2854 nequid-

209 2941 389 3030 Cura,
430 2952 504 3013 ut
549 2948 784 3013 valeas.
942 2881 1137 2945 quam
1181 2864 1369 2945 sapw-

342 3173 443 3245 Ep.
482 3181 539 3243 6,
581 3181 627 3230 1.
700 3175 972 3231 habebant
1005 3178 1288 3230 matronae
1337 3172 1487 3243 (W..)
1584 3172 1666 3242 h„
1698 3189 1768 3229 m.
1814 3173 2002 3244 vulgo.
2040 3201 2110 3215 «-

212 3243 509 3381 Ξῑατίῑξὲ,ΜΒ
428 3217 571 3373 quo'd
607 3245 754 3303 domi
809 3246 917 3315 (W.
920 3248 978 3316 )?
1077 3250 1128 3301 2.
1182 3245 1550 3318 nequidquam
1597 3244 1828 3317 (vulgo).
1925 3244 2112 3317 mqui-
