2338 3691
658 143 1177 200 EPISTOLARUM
1213 143 1361 198 xm.
1402 150 1448 197 6.
1470 159 1519 197 a.
1549 143 1603 197 b.
1644 149 1693 197 τ.
1951 128 1956 129 ’
1995 138 2127 202 423

1092 393 1242 459 VII.

537 506 653 564 Sor.
691 506 902 589 Romae
939 522 1130 560 mense
1168 505 1399 561 Octobri
1435 522 1485 561 a.
1522 524 1576 560 u.
1614 522 1661 559 c.
1693 510 1813 560 ⁷09.

804 629 1061 686 CICERO
1100 627 1366 685 CLUVIO
1406 628 1558 684 SAL.

354 731 567 808 Quum
602 731 672 797 in
710 729 988 796 Galliam
1026 729 1440 815 proficiscens
1484 751 1602 814 pro
1648 731 1875 793 nostra
1916 747 2133 791 neces·
2172 733 2203 783 l

218 820 502 886 situdine
533 841 783 905 proque
835 823 952 885 tua
1006 840 1259 899 summa
1310 819 1382 882 in
1436 839 1539 883 me
1597 816 2009 883 observantia
2053 815 2136 880 ad

217 932 323 976 me
371 910 634 975 domum
695 909 1009 992 venisses,
1070 896 1326 973 locutus
1383 929 1527 972 sum
1578 909 1793 970 tecum
1852 905 1932 969 de
1977 924 2136 988 agro

218 998 523 1083 vectigali
595 997 930 1082 municipii
992 994 1307 1080 Atellani,
1371 996 1482 1080 qui
1545 997 1716 1060 esset
1776 994 1848 1057 in
1910 991 2139 1076 Gallia,

221 1091 595 1172 quantoque
660 1108 852 1171 opere
915 1085 1055 1151 eius
1114 1084 1451 1168 municipii
1512 1105 1706 1148 causa
1757 1082 2140 1165 laborarem,

218 1177 345 1241 tibi
389 1174 674 1259 ostendi3
727 1178 879 1260 post
932 1177 1114 1239 tuam
1158 1176 1375 1238 autem
1428 1171 1896 1256 profectionem
1941 1191 2139 1253 quum

219 1269 291 1331 et
333 1264 614 1329 maxima
657 1285 760 1328 res
806 1262 1140 1346 municipii
1184 1260 1624 1327 honestissimi
1659 1259 1944 1342 mihique
1990 1279 2139 1322 con·

219 1353 647 1419 iunctissimi
672 1355 738 1417 01
800 1373 1120 1417 summum
1192 1372 1408 1415 meum
1476 1349 1762 1414 officium
1825 1349 2142 1432 ageretur,

219 1463 342 1528 pro
386 1445 502 1508 tuo
548 1441 764 1507 animo
808 1441 880 1506 in
916 1462 1018 1506 me
1057 1439 1373 1525 singulari
1408 1438 1768 1504 existimavi
1812 1457 1914 1501 me
1952 1457 2141 1519 opor-

219 1535 360 1596 tere
407 1531 484 1614 ad
519 1534 585 1595 10
623 1530 982 1595 accuratius
1020 1529 1314 1612 scribere,
1360 1528 1484 1593 etsi
1515 1549 1653 1592 non
1690 1548 1834 1591 sum
1868 1525 2141 1607 nesciuS,

223 1622 292 1684 et
345 1641 509 1703 quae
553 1623 919 1703 temporum
962 1619 1130 1683 ratio
1191 1620 1257 1682 01
1311 1638 1475 1701 quae
1528 1620 1644 1681 tua
1695 1618 1986 1700 potestas
2041 1613 2143 1697 sit,

224 1708 471 1791 tibique
536 1708 873 1793 negotium
935 1707 1157 1772 datum
1222 1727 1361 1770 0000
1425 1728 1465 1770 a
1520 1702 1587 1771 C.
1644 1703 1945 1786 Caesare,
2005 1723 2144 1766 non

224 1796 559 1881 iudicium,
622 1797 948 1881 praeclare
1011 1795 1333 1881 intelligo.
1400 1815 1597 1879 quare
1660 1816 1701 1859 a
1760 1797 1828 1858 10
1884 1793 2144 1858 tantum

223 1889 411 1971 petO,
463 1889 779 1970 quantum
833 1888 899 1950 et
949 1888 1017 1949 10
1060 1884 1272 1949 facere
1325 1906 1516 1969 posse
1571 1886 1638 1950 01
1679 1882 1956 1948 libenter
1999 1902 2144 1945 mea

224 1996 427 2039 causa
484 1975 810 2040 facturum
871 1995 1012 2039 0000
1065 1973 1362 2039 arbitror.
1468 1972 1561 2037 Et
1616 1972 1897 2056 primum
1949 1970 2143 2035 velim
2180 1982 2214 2031 2

226 2063 584 2166 existimes,
634 2062 808 2147 quod
850 2084 956 2128 res
998 2065 1124 2146 est,
1187 2061 1520 2147 municipii
1575 2061 1873 2126 fortunas
1919 2079 2143 2124 omnes

224 2153 301 2216 in
343 2153 471 2218 isto
523 2151 826 2254 vectigali
879 2151 1257 2236 consistere,
1317 2150 1421 2215 his
1476 2153 1692 2214 autem
1744 2146 2144 2232 temporibus

226 2240 355 2305 hoc
408 2241 857 2325 municipium,
912 2240 1209 2306 maximis
1263 2239 1566 2305 oneribus
1610 2259 1931 2322 pressum,
1975 2256 2144 2300 sum-

229 2330 354 2394 mis
410 2329 712 2395 affectum
774 2350 914 2394 esse
978 2328 1484 2393 difficultatibus.
1581 2326 1727 2392 Hoc
1790 2325 1912 2390 etsi
1974 2344 2146 2389 com-

226 2439 425 2483 mune
468 2418 723 2483 videtur
774 2439 913 2483 esse
968 2439 1115 2482 cum
1167 2417 1415 2500 111111110,
1466 2420 1689 2480 tamen
1744 2414 1907 2478 mihi
1960 2412 2145 2477 crede

229 2507 592 2591 singulares
619 2506 773 2571 huic
798 2505 1149 2590 municipio
1189 2467 1587 2570 calamitates
1624 2503 1947 2586 accidisse,
1983 2522 2145 2586 quas

227 2595 471 2661 idcirco
533 2617 671 2661 non
724 2616 1176 2679 commemoro,
1233 2615 1317 2659 ne
1382 2594 1460 2658 de
1519 2592 1792 2657 miseriis
1854 2611 2147 2690 meorum

230 2684 741 2749 necessariorum
796 2705 1197 2767 conquerens
1250 2682 1575 2767 homines,
1621 2703 1783 2765 quos
1828 2678 2009 2761 11010,
2054 2698 2146 2741 v1·

231 2772 388 2838 dear
423 2772 762 2839 offendere.
832 2772 1079 2856 Itaque,
1112 2771 1241 2836 nisi
1276 2792 1585 2874 magnam
1624 2791 1805 2855 spem
1839 2766 2147 2831 haberem
2183 2778 2216 2826 3

231 2859 304 2927 C.
351 2859 611 2927 Caesari
664 2883 786 2927 nos
842 2882 1104 2926 causam
1155 2860 1491 2944 municipii
1545 2859 1958 2943 probaturoS,
2010 2874 2148 2918 non

229 2953 374 3015 erat
419 2963 630 3035 causa,
676 2971 788 3014 cur
833 2972 873 3014 a
914 2952 981 3013 te
1025 2949 1151 3013 hoc
1194 2953 1484 3032 tempore
1521 2947 1762 3031 aliquid
1804 2941 2147 3011 contende·

228 3060 397 3122 rem3
450 3039 589 3123 sed,
644 3040 795 3122 quia
848 3038 1103 3103 confido
1156 3037 1441 3121 mihique
1502 3035 1793 3120 persuasi
1845 3034 2030 3098 illum
2083 3032 2149 3095 et

231 3127 573 3213 dignitatis
626 3126 962 3211 municipii
1024 3128 1092 3191 et
1143 3125 1487 3209 aequitatis
1541 3128 1608 3189 et
1667 3123 1866 3188 etiam
1922 3122 2149 3187 volun·

230 3216 388 3280 tatis
452 3236 608 3300 erga
671 3237 739 3281 se
800 3215 1178 3280 habiturum
1221 3235 1359 3278 esse
1413 3213 1758 3297 rationem,
1808 3211 1953 3276 ideo
2000 3231 2039 3273 a
2081 3211 2149 3272 te

377 3425 478 3495 Ep.
522 3432 570 3492 7,
599 3431 648 3478 2.
721 3426 1102 3494 municipium,
1137 3423 1396 3478 maximis
1434 3421 1583 3489 (W).
1656 3437 1725 3473 m.
1762 3436 1831 3473 m.
1860 3419 2149 3486 vulgo.-

232 3512 511 3553 commune
545 3497 762 3551 videtur
801 3497 912 3564 (M,
949 3495 1161 3566 vulgo).
1235 3510 1280 3548 0.
1318 3494 1369 3547 ei
1402 3509 1450 3545 v.
1490 3499 1571 3559 1⁴„
1608 3490 1671 3544 B.
