2338 3691
216 125 343 189 194
782 126 856 181 Μ.
896 124 1141 179 TULLII
1178 124 1557 181 CICERONIS

207 271 389 356 vulgi
445 273 637 353 atque
692 270 949 355 turbae,
1004 269 1343 335 delectatio
1398 270 1580 335 nulla
1634 271 1905 355 exstitit3
1969 272 2129 355 quin

209 360 407 424 etiam
470 358 907 423 misericordia
972 358 1288 443 quaedam
1360 362 1706 423 consecuta
1777 363 1877 425 est
1935 364 2132 444 atque

211 448 430 532 opinio
479 446 810 529 eiusmodi,
856 468 995 512 esse
1042 446 1368 530 quandam
1413 447 1508 512 illi
1553 448 1780 513 beluae
1826 469 1975 513 cum
2021 470 2129 535 ge·

138 546 174 595 4
210 557 362 600 nere
417 534 704 600 humano
762 535 1152 600 societatem.
1251 535 1373 600 His
1430 557 1552 622 ego
1606 539 1827 602 tamen
1884 537 2133 622 diebus,

210 646 292 689 ne
347 625 516 689 forte
570 623 790 688 videar
843 624 965 688 tibi
1018 646 1155 690 non
1209 623 1401 690 modo
1466 625 1722 711 beatus,
1789 626 1903 690 sed
1965 626 2133 691 liber
2262 638 2277 649 ²

212 714 477 779 omnino
531 712 759 797 fuisse,
824 712 1036 797 dirupi
1097 734 1202 778 me
1265 733 1471 797 paene
1525 713 1597 779 in
1657 713 1894 780 iudicio
1961 714 2131 779 Galli

211 799 487 885 Caninii,
530 801 866 866 familiaris
912 801 1027 866 tui.
1108 800 1296 877 Quod
1341 801 1397 866 si
1441 805 1580 867 tam
1620 802 1880 867 facilem
1924 826 2130 888 popu·

210 892 348 955 lum
374 890 699 976 haberem,
735 912 930 976 quam
960 889 1256 974 Aesopus
1292 889 1541 975 habuit,
1578 891 1856 956 libenter
1881 892 2131 956 meher-

213 979 354 1044 cule
405 976 658 1065 [artem]
709 979 1067 1044 desinerem
1118 983 1459 1065 tecumque
1506 983 1574 1044 et
1617 1000 1764 1045 cum
1809 980 2136 1046 similibus

211 1068 420 1134 nostri
447 1068 753 1151 viverem3
797 1090 950 1133 nam
976 1088 1079 1132 me
1108 1089 1308 1152 quum
1335 1071 1530 1133 antea
1563 1068 1886 1153 taedebat,
1929 1091 2134 1153 quum

213 1161 280 1222 et
323 1160 502 1240 aetas
548 1160 614 1223 et
658 1157 925 1222 ambitio
972 1178 1075 1221 me
1119 1157 1505 1221 hortabatur
1550 1160 1617 1221 et
1667 1157 1907 1222 licebat
1951 1157 2133 1222 deni-

213 1268 364 1332 que,
409 1268 602 1331 quem
644 1246 976 1329 nolebam,
1019 1266 1156 1311 non
1202 1244 1568 1329 defendere,
1620 1249 1764 1310 tum
1805 1268 1958 1311 vero
2004 1246 2133 1311 hoc

211 1339 502 1421 tempore
547 1335 684 1400 vita
727 1334 910 1400 nulla
955 1337 1079 1417 est3
1123 1354 1333 1419 neque
1379 1334 1552 1398 enim
1595 1334 1879 1399 fructum
1924 1334 2133 1399 ullum

212 1426 454 1490 laboris
519 1427 816 1509 exspecto
883 1426 949 1487 et
1010 1443 1210 1508 cogor
1280 1444 1771 1506 nonnumquam
1831 1421 2133 1488 homines

214 1535 351 1579 non
396 1513 637 1596 optime
683 1513 761 1576 de
807 1533 909 1576 me
955 1513 1221 1577 meritos
1257 1515 1492 1596 rogatu
1530 1533 1771 1595 eorum,
1816 1512 1926 1595 qui
1963 1512 2131 1577 bene

144 1617 177 1666 5
215 1602 430 1667 meriti
477 1604 657 1684 sunt,
713 1599 1071 1666 defendere
1159 1599 1390 1684 Itaque
1436 1622 1674 1684 quaero
1721 1620 1949 1666 causas
1995 1622 2129 1665 om-

215 1708 331 1755 nes
378 1688 722 1774 aliquando
768 1688 1026 1754 vivendi
1061 1689 1379 1754 arbitratu
1424 1711 1567 1753 meo
1605 1692 1796 1773 teque
1833 1692 1902 1753 et
1934 1689 2129 1754 istam

213 1778 533 1843 rationem
596 1777 714 1843 otii
774 1777 873 1841 tui
935 1780 1002 1842 et
1062 1776 1256 1842 laudo
1320 1777 1732 1843 vehementer
1786 1780 1852 1841 et
1904 1778 2134 1863 probo,

215 1867 512 1952 quodque
557 1888 678 1931 nos
723 1867 938 1931 minus
991 1867 1347 1951 intervisiS,
1399 1867 1525 1931 hoc
1577 1866 1715 1931 fero
1763 1866 1980 1933 animo
2026 1889 2132 1931 ae·

215 1956 464 2041 quiore,
526 1956 726 2040 quod,
788 1955 844 2020 si
895 1954 1143 2021 Romae
1209 1977 1409 2040 esses,
1470 1958 1690 2020 tamen
1743 1977 1951 2041 neque
2005 1977 2133 2022 nos

214 2046 432 2129 lepore
485 2047 600 2110 tuo
655 2066 863 2129 neque
917 2047 983 2124 te
1027 2081 1117 2091 —
1163 2044 1219 2108 si
1264 2044 1374 2128 qui
1428 2048 1530 2109 est
1579 2045 1651 2108 in
1702 2066 1806 2109 me
1850 2080 1939 2091 —
1984 2066 2131 2111 meo
2170 2055 2177 2059 ’

213 2133 345 2198 frui
369 2133 592 2198 liceret
624 2136 890 2218 propter
915 2133 1406 2198 molestissimas
1444 2133 1898 2217 occupationes
1926 2155 2134 2218 meas;

217 2222 450 2306 quibus
497 2222 553 2286 si
596 2244 699 2286 me
744 2221 1035 2286 relaxaro
1080 2258 1171 2268 --
1215 2243 1386 2305 nam,
1429 2225 1506 2286 ut
1547 2222 1738 2306 plane
1785 2222 2134 2306 exsolvam,

215 2332 352 2376 non
395 2311 653 2394 postulo
699 2347 813 2395 —,
857 2314 923 2375 te
967 2310 1210 2394 ipsum,
1264 2310 1374 2394 qui
1418 2311 1657 2376 multos
1714 2332 1921 2376 annos
1966 2311 2133 2376 nihil

217 2399 392 2463 aliud
439 2399 912 2483 commentariS,
957 2399 1201 2463 docebo
1237 2398 1548 2484 profecto,
1593 2398 1745 2483 quid
1783 2399 1870 2464 sit
1903 2398 2133 2464 huma-

216 2488 389 2553 niter
431 2488 662 2553 vivere.
752 2487 852 2552 Tu
905 2487 1098 2552 modo
1152 2487 1347 2552 istam
1399 2487 1908 2553 imbecillitatem
1959 2490 2134 2553 vale-

217 2576 461 2642 tudinis
506 2580 656 2641 tuae
703 2578 997 2641 sustenta
1042 2579 1109 2640 et
1150 2579 1359 2660 tuere,
1402 2578 1478 2640 ut
1519 2576 1681 2641 facis
1690 2627 1708 2661 ,
1751 2580 1829 2641 ut
1871 2581 2136 2643 nostras

216 2666 404 2731 villas
469 2666 646 2732 obire
710 2668 777 2730 et
837 2685 1087 2729 mecum
1152 2664 1345 2730 simul
1397 2665 1694 2729 lecticula
1749 2686 2133 2732 concursare

149 2769 181 2818 6
218 2755 447 2840 possis.
535 2752 715 2819 Haec
770 2753 851 2818 ad
895 2757 960 2818 te
1015 2753 1309 2838 pluribus
1362 2753 1574 2819 verbis
1629 2754 1882 2838 scripsi,
1936 2776 2135 2840 quam

220 2845 415 2929 solen,
451 2864 586 2908 non
624 2842 740 2908 otii
776 2841 1194 2925 abundantia,
1231 2842 1342 2907 sed
1378 2843 1615 2908 amoris
1657 2864 1812 2929 erga
1836 2845 1921 2927 te,
1959 2844 2133 2928 quod

217 2954 320 2998 me
368 2932 644 3017 quadam
683 2931 956 3015 epistola
992 2931 1446 3016 subinvitaras,
1491 2932 1548 2997 si
1582 2932 1893 2997 memoria
1929 2936 2135 3016 tenes,

217 3024 295 3085 ut
338 3021 420 3085 ad
464 3024 529 3086 te
576 3019 818 3104 aliquid
864 3019 1177 3085 eiusmodi
1223 3020 1586 3104 scriberem,
1631 3042 1758 3105 quo
1804 3020 2021 3085 minus
2065 3022 2132 3084 te

220 3109 724 3193 praetermisisse
777 3108 965 3174 ludos
1016 3108 1400 3193 poeniteret:
1464 3108 1636 3192 quod
1691 3109 1746 3172 si
1800 3113 2134 3175 assecutus

362 3334 466 3404 Ep
509 3342 557 3404 1,
584 3342 635 3391 4.
690 3337 896 3403 diebus,
930 3334 1152 3404 new).
1228 3336 1301 3402 d„
1331 3335 2046 3407 [ludisscaenicis,]neM.,
2066 3336 2129 3391 Β

223 3406 619 3547 ἓ-ι-ιιέῗήενοαῑε
656 3405 872 3476 [artem]
919 3407 1087 3462 desim.
1116 3338 1521 3478 )(Lagomars..)
1612 3424 1681 3462 m.
1722 3412 1893 3463 artem
1937 3408 1988 3463 d.
2033 3378 2135 3478 ’M.‚

104 3589 138 3603 ι
