2338 3691
225 146 357 209 418
793 144 866 198 M.
907 143 1153 199 TULLII
1189 113 1579 199 emnnom's

225 312 365 357 non
409 291 688 356 multum
730 289 1005 373 intersit,
1044 310 1127 354 eo
1173 288 1261 354 sis
1308 289 1543 374 animo,
1589 312 1717 374 quo
1763 312 1883 376 ego
1922 313 2154 377 essem,

228 382 284 445 si
348 380 503 463 quid
564 383 639 444 tu
701 399 805 442 me
875 397 1171 464 rogares.
1249 376 1409 442 mihi
1473 383 1641 444 certe
1705 380 2152 467 gratissimum

226 468 473 534 feceris.

752 769 873 829 Ser.
932 790 1078 829 anno
1123 660 1348 829 Iigin-to
1405 776 1529 842 (704
1539 775 1601 844 ἲ).
1661 736 1666 741 -

793 897 1050 953 CICERO
1079 897 1392 955 MEMMIO·
1414 898 1565 952 SAL.

359 995 438 1063 A.
475 995 750 1083 Fufium,
793 1020 996 1063 unum
1031 1020 1109 1063 ex
1144 1000 1307 1064 meis
1342 999 1609 1083 intime,
1654 999 2145 1066 observantissi-

224 1110 404 1153 mum
449 1087 1115 1173 studiosissimumque
1159 1089 1398 1172 nostri,
1444 1088 1765 1154 eruditum
1809 1090 2145 1156 hominem

225 1181 292 1241 et
336 1199 589 1242 summa
630 1177 1034 1242 humanitate
1077 1179 1320 1262 tuaque
1356 1177 1640 1242 amicitia
1671 1178 2145 1265 dignissimum,

226 1267 417 1331 velim
460 1268 555 1331 ita
596 1269 854 1350 tractes,
897 1269 973 1330 ut
1015 1265 1178 1331 mihi
1214 1286 1431 1331 coram
1465 1267 1787 1351 recepisti:
1831 1271 1969 1332 tam
1996 1289 2144 1355 gra-

223 1359 365 1420 tum
418 1356 577 1420 mihi
631 1356 699 1420 id
753 1355 902 1439 erit,
957 1376 1151 1439 quam
1198 1355 1370 1439 quod
1415 1356 1881 1440 gratissimum3
1923 1358 2144 1442 ipsum

222 1449 558 1528 praeterea
603 1466 853 1509 summo
900 1444 1114 1509 officio
1161 1448 1229 1508 et
1273 1465 1524 1510 summa
1561 1445 1974 1511 observantia
2016 1447 2141 1512 tibi

223 1534 293 1598 in
336 1537 720 1619 perpetuum
765 1534 1144 1599 devinxeris

1114 1745 1231 1812 lv.

450 1879 453 1880 ⁷
544 1859 656 1914 Scr.
698 1860 909 1914 Romae
946 1876 1133 1915 mense
1171 1859 1402 1916 Octobri
1438 1877 1487 1913 a.
1527 1878 1581 1913 u.
1620 1877 1664 1913 c.
1697 1866 1815 1915 709.

219 1983 293 2037 M.
343 1981 599 2098 CICERO
646 1983 700 2038 S.
745 1983 812 2038 D
860 1983 922 2049 Q.
969 1983 1307 2110 VAleffoRgg
1338 1984 1401 2050 Q.
1446 1984 1510 2039 F.
1556 1983 1795 2040 ORCAE
1843 1985 2136 2042 LEGATO

145 2168 174 2215 1
356 2151 518 2220 Cum
564 2155 993 2240 municipibus
1024 2155 1470 2222 Volaterranis
1515 2155 1677 2220 mihi
1722 2178 1971 2221 summa
2024 2179 2136 2221 ne-

220 2243 540 2309 cessitudo
605 2247 728 2329 est3
798 2264 1039 2329 magno
1103 2245 1278 2308 enim
1339 2265 1482 2309 meo
1547 2244 1857 2309 beneficio
1922 2245 2135 2310 affecti

220 2332 721 2397 cumulatissime
774 2333 933 2397 mihi
988 2333 1267 2419 gratiam
1328 2334 1745 2417 rettulerunt3
1806 2355 1960 2398 nam
2012 2355 2135 2399 nec

218 2422 289 2485 in
342 2421 697 2487 honoribus
752 2422 910 2486 meis
972 2442 1080 2487 nec
1136 2423 1208 2486 in
1268 2422 1597 2487 laboribus
1656 2443 1964 2506 umquam
2028 2422 2133 2487 de·

218 2510 507 2575 fuerunt:
570 2532 716 2576 cum
771 2510 1003 2594 quibus
1058 2511 1113 2575 si
1166 2510 1326 2574 mihi
1379 2510 1561 2575 nulla
1614 2531 1812 2575 causa
1857 2511 2133 2576 interce·

216 2599 415 2684 deret,
459 2603 705 2684 tamen,
748 2599 922 2683 quod
967 2602 1033 2663 te
1077 2599 1638 2664 vehementissime
1683 2599 1885 2685 diligo
1927 2601 2131 2684 quod·

218 2710 341 2775 que
388 2710 489 2753 me
535 2711 576 2753 a
616 2691 685 2753 te
729 2688 1021 2772 plurimi
1034 2687 1175 2752 fieri
1209 2688 1438 2771 sentio,
1481 2691 1550 2752 et
1587 2709 1916 2752 monerem
1962 2693 2029 2753 te
2067 2694 2134 2754 et

216 2777 539 2860 hortarer,
592 2780 667 2843 ut
721 2799 944 2842 eorum
986 2776 1268 2841 fortunis
1311 2778 1706 2861 consuleres,
1750 2777 2132 2861 praesertim

218 2890 416 2953 quum
469 2888 670 2952 prope
724 2866 1136 2951 praecipuam
1200 2888 1460 2931 causam
1521 2865 1839 2930 haberent
1891 2867 1974 2931 ad
2029 2867 2132 2932 ius

218 2956 672 3023 obtinendum.
716 2956 997 3041 primum
1040 2955 1215 3040 quod
1253 2952 1500 3019 Sullani
1543 2955 1855 3039 temporis
1889 2956 2131 3020 acerbi·

216 3050 419 3111 tatem
466 3045 730 3110 deorum
775 3044 1237 3110 immortalium
1281 3044 1681 3129 benignitate
1728 3044 2133 3131 subterfuge-

217 3139 397 3217 runt,
450 3133 680 3200 deinde
727 3133 897 3219 quod
944 3155 1193 3199 summo
1240 3133 1452 3198 studio
1498 3133 1722 3217 populi
1767 3132 2046 3198 Romani
2094 3156 2135 3198 a

148 3242 181 3291 2
218 3242 320 3285 me
364 3223 436 3285 in
480 3224 820 3288 consulatu
866 3244 1008 3288 meo
1055 3222 1302 3286 defensi
1347 3225 1526 3305 sunt3
1573 3243 1772 3305 quum
1807 3223 1975 3286 enim
2018 3223 2133 3287 tri·

219 3308 379 3373 buni
423 3309 597 3391 plebi
639 3311 849 3396 legem
875 3311 1343 3397 iniquissimam
1381 3311 1458 3375 de
1505 3332 1728 3375 eorum
1764 3310 1938 3396 agris
1983 3333 2131 3396 pro·

362 3496 466 3567 Ep.
506 3505 558 3565 4,
587 3505 634 3553 2.
697 3509 854 3558 sunt:
888 3504 1002 3573 qui,
1037 3520 1205 3573 quum
1242 3508 1308 3557 tr.
1347 3504 1517 3572 (W.)?
1588 3507 1720 3558 sunt
1754 3519 1875 3558 cum
1909 3508 1977 3558 tr.
2015 3502 2090 3558 M.
