2338 3691
690 104 1208 162 EPISTOLARUM
1246 105 1341 161 XI.
1381 112 1557 161 24—2
1567 112 1611 160 7.
1984 107 2111 171 369

192 253 516 318 habebam
543 288 628 299 -
658 256 805 317 acta
849 253 1019 317 enim
1066 253 1148 316 ad
1195 256 1260 316 te
1297 252 1467 316 mitti
1508 253 1808 335 sciebam,
1855 253 2112 317 inanem

195 345 414 407 autem
472 363 834 407 sermonem
896 341 1260 406 litterarum
1322 341 1442 405 tibi
1495 342 1915 408 iniucundum
1971 363 2110 406 esse

196 429 539 505 audiebam
587 466 672 477 -
687 480 705 513 ,
748 431 1130 496 brevitatem
1180 433 1437 495 secutus
1483 452 1624 495 sum
1669 435 1733 494 te
1781 429 2111 515 magistre.

198 517 374 584 Scito
429 519 630 605 igitur
685 519 757 584 in
800 523 864 584 te
910 523 976 583 et
1020 519 1090 583 in
1131 521 1380 604 collega
1413 541 1606 604 =spem
1653 541 1911 585 omnem
1955 539 2112 584 esse.

195 608 297 673 De
325 608 529 675 Bruto
567 611 783 673 autem
819 608 984 672 nihil
1013 608 1224 673 adhuc
1260 609 1443 692 certi3
1490 630 1680 692 quem
1716 629 1857 693 ego,
1895 629 2110 692 quem·
2150 617 2180 664 2

198 697 546 764 admodum
591 697 926 782 praecipis,
970 697 1240 781 privatis
1276 697 1509 762 litteris
1548 697 1629 761 ad
1666 697 1907 762 bellum
1944 718 2112 761 com-

86 838 89 839 .
198 807 394 851 mune
440 807 669 853 vocare
715 794 873 851 non
895 786 1144 851 desino:
1201 786 1310 870 qui
1355 786 1606 850 utinam
1660 787 1791 851 iam
1836 786 2112 851 adesset!

198 875 581 940 intestinum
645 875 821 941 urbis
884 875 1154 959 malum,
1218 875 1388 958 quod
1450 879 1549 940 est
1601 896 1736 939 non
1779 874 2116 960 mediocre,

199 965 416 1030 minus
462 965 849 1029 timeremus.
941 961 1067 1028 Sed
1123 963 1276 1047 quid
1322 963 1492 1049 ago‘?
1556 986 1693 1029 non
1737 964 1956 1030 imitor
2001 963 2113 1023 λα-

203 1047 553 1132 κωνισμόν
595 1057 806 1118 tuum:
843 1053 1048 1117 altera
1081 1052 1213 1116 iam
1246 1053 1505 1138 pagella
1540 1052 1845 1138 procedit.
1908 1051 2114 1118 Vince

202 1144 271 1205 et
316 1142 476 1206 vale.
563 1159 729 1206 11111.
775 1141 855 1206 K.
902 1141 1204 1217 Quinctil.

1035 1335 1277 1401 XXVI.

429 1448 544 1503 Ser.
582 1449 642 1503 in
679 1449 875 1503 castris
914 1450 1008 1503 III.
1047 1448 1240 1503 Nonas
1277 1448 1465 1503 Iunias
1503 1466 1551 1502 a.
1591 1467 1643 1503 u.
1683 1466 1729 1504 c.
1766 1452 1886 1504 711.

611 1572 680 1628 D.
718 1573 1004 1629 BRUTUS
1044 1573 1101 1630 S.
1136 1574 1203 1628 D.
1241 1574 1314 1628 M.
1354 1573 1710 1630 CICERONI.

341 1672 428 1748 In
470 1673 751 1739 maximo
807 1695 949 1740 meo
1006 1675 1226 1740 dolore
1269 1674 1394 1739 hoc
1441 1675 1672 1740 solatio
1721 1677 1894 1758 utor,
1949 1673 2120 1758 quod

207 1761 584 1848 intelligunt
643 1763 939 1829 homines
1012 1778 1147 1829 non
1210 1764 1349 1828 sine
1413 1785 1607 1828 causa
1670 1785 1771 1829 me
1830 1763 2118 1828 timuisse

204 1852 353 1935 ista,
397 1873 559 1936 quae
607 1852 991 1917 acciderunt.
1079 1852 1480 1937 Deliberent,
1533 1857 1752 1918 utrum
1794 1853 2120 1918 traiiciant

205 1940 498 2026 legiones
554 1962 632 2005 ex
684 1940 909 2006 Africa
962 1963 1163 2007 necne
1220 1945 1285 2007 et
1339 1964 1416 2007 ex
1462 1940 1785 2027 Sardinia,
1841 1947 1906 2006 et
1957 1942 2118 2007 Bru-

204 2033 351 2094 tum
395 2034 723 2095 arcessant
767 2052 997 2114 necne,
1051 2034 1116 2096 et
1167 2031 1327 2095 mihi
1382 2031 1771 2116 stipendium
1827 2032 1983 2096 dent
2036 2054 2122 2095 an

205 2140 347 2182 non
410 2118 782 2184 decernant:
846 2120 929 2184 ad
993 2123 1289 2184 senatum
1348 2120 1597 2185 litteras
1657 2121 1820 2185 misi.
1920 2118 2120 2184 Crede

206 2207 390 2290 mihi,
423 2208 550 2271 nisi
576 2208 704 2272 ista
731 2208 949 2274 omnia
974 2210 1066 2272 ita
1101 2208 1286 2292 fiunt,
1322 2209 1856 2292 quemadmodum
1895 2209 2122 2292 scribe,

206 2316 524 2381 magnum
568 2318 688 2362 nos
735 2319 956 2362 omnes
1013 2297 1299 2362 adituros
1345 2298 1717 2381 periculum.
1806 2298 1992 2382 Rogo
2039 2302 2122 2382 te,

206 2385 441 2470 videte,
477 2386 708 2469 quibus
744 2386 1114 2451 hominibus
1153 2387 1486 2472 negotium
1523 2387 1704 2465 detis,
1752 2387 1859 2470 qui
1898 2386 1980 2450 ad
2021 2409 2122 2450 me

204 2474 500 2559 legiones
566 2474 912 2539 adducant:
976 2478 1043 2538 et
1104 2474 1230 2539 fide
1294 2497 1456 2559 opus
1510 2479 1608 2541 est
1662 2478 1729 2540 et
1775 2476 2121 2541 celeritate.

207 2581 304 2627 111.
350 2561 521 2627 Non.
565 2561 707 2635 Iun.
753 2585 831 2629 ex
875 2564 1118 2628 castris.

1025 2758 1301 2823 XXVII.

464 2870 578 2925 Ser.
615 2870 675 2924 in
711 2870 1026 2926 Tusculano
1063 2871 1130 2924 V.
1169 2871 1293 2925 Kal.
1332 2871 1453 2925 Iun.
1492 2888 1541 2925 a.
1567 2829 1631 2925 xu.
1670 2888 1717 2926 c.
1758 2877 1873 2926 710.
1917 2887 1922 2892 ·

807 2994 1064 3052 CICERO
1101 2995 1333 3051 MATIO
1375 2996 1523 3051 SAL.

344 3093 652 3161 Nondum
693 3096 849 3161 satis
886 3097 1213 3181 constitui,
1257 3097 1672 3163 molestiaene
1708 3097 1854 3180 plus
1891 3117 1977 3159 an
2017 3118 2124 3161 vo·
2165 3111 2190 3156 1

206 3184 483 3270 luptatis
522 3186 811 3249 attulerit
847 3186 1004 3250 mihi
1034 3186 1373 3251 Trebatius
1412 3189 1649 3269 noster,
1693 3184 1889 3250 homo
1928 3207 2126 3268 quum

206 3275 444 3360 plenus
482 3274 698 3357 officii,
741 3278 880 3338 tum
916 3277 1249 3360 utriusque
1283 3277 1579 3340 nostrum
1621 3273 2125 3337 amantissimus:

357 3466 461 3537 Ep.
500 3474 584 3523 26.
661 3486 739 3524 an
771 3484 884 3525 non
919 3470 1213 3529 decernant
1247 3468 1375 3536 (R).
1432 3483 1527 3536 =um
1561 3467 1670 3521 dec.
1709 3465 1826 3517 ΜΒ

323 3555 552 3599 Ciceronis
579 3560 709 3609 epist.
732 3560 771 3600 Ι.
1631 3559 1700 3605 24
