2338 3691
267 99 348 161 14
824 98 898 152 M.
939 98 1189 153 TULLII
1226 97 1607 154 CICERONIS

258 244 499 331 nostris
546 244 790 309 eventis
837 243 1284 309 communibus
1340 242 1814 309 admonendum
1858 247 2184 330 putarem,

257 338 332 398 ut
379 333 832 416 considerareS,
876 332 947 396 in
993 332 1171 396 omni
1215 331 1463 414 reliqua
1507 332 1641 396 vita
1682 333 1912 416 quibus
1960 334 2179 398 crede-

157 435 222 484 10
258 443 379 506 τρε,
425 443 586 506 quos
633 442 906 486 caveres,
996 418 1183 495 Quod
1228 419 1453 484 scribis
1499 423 1564 485 te
1609 421 1772 485 velle
1818 421 2005 506 scire,
2063 424 2180 506 qui

151 1937 211 1985 11

259 511 345 575 sit
395 511 494 574 rei
545 510 839 595 publicae
903 511 1136 592 statue,
1201 530 1452 573 summa
1505 508 1817 575 dissensio
1873 513 1996 595 est,
2060 513 2181 575 sed

259 599 588 664 contentio
635 598 878 683 dispar3
922 618 1103 681 nam,
1150 597 1260 680 qui
1304 597 1450 680 plus
1498 597 1726 681 opibus
1735 649 1753 681 ‚
1799 599 2012 683 armiS‚
2058 622 2179 684 po-

257 688 462 752 tentia
504 687 742 771 valent,
786 686 1133 771 profecisse
1178 688 1437 749 tantum
1472 686 1631 750 mihi
1667 686 1968 751 videntur
2014 689 2178 752 stul-

256 776 402 840 titia
447 779 512 840 et
555 775 995 840 inconstantia
1031 773 1561 859 adversariorum,
1606 778 1681 839 ut
1719 775 1912 839 etiam
1951 779 2178 842 aucto·

255 864 447 928 ritate
500 864 632 928 iam
684 865 831 948 plus
895 863 1207 928 valerent:
1271 862 1488 946 itaque
1547 863 1884 946 perpaucis
1948 864 2178 929 adver-

257 952 549 1017 santibus
597 952 831 1036 omnia,
877 973 1040 1035 quae
1085 973 1167 1015 ne
1213 973 1330 1035 per
1372 951 1684 1035 populum
1726 951 1983 1036 quidem
2028 952 2178 1018 sine

256 1041 571 1105 seditione
608 1062 675 1104 se
715 1041 969 1124 assequi
1004 1039 1504 1123 arbitrabantur,
1539 1061 1655 1123 per
1691 1043 1988 1105 senatum
2016 1061 2173 1106 con-

256 1130 457 1194 secuti
512 1131 689 1212 sunt3
752 1150 906 1192 nam
958 1131 1024 1192 et
1077 1128 1468 1212 stipendium
1524 1125 1781 1192 Caesari
1841 1128 2173 1194 decretum

256 1220 354 1281 est
408 1220 473 1281 et
526 1217 745 1281 decem
797 1217 997 1301 legati
1043 1218 1133 1300 et,
1186 1237 1268 1280 ne
1323 1216 1466 1302 lege
1522 1214 1901 1301 Sempronia
1954 1239 2171 1283 succe-

256 1306 538 1395 deretur,
581 1305 771 1370 facile
817 1304 1174 1389 perfectum
1220 1307 1333 1369 est.
1424 1303 1609 1380 Quod
1655 1327 1730 1370 eo
1778 1307 1860 1370 ad
1912 1310 1977 1371 te
2023 1306 2170 1370 bre-

252 1395 395 1459 vius
452 1395 661 1459 scribo
670 1445 690 1478 ‚
745 1394 896 1477 quia
947 1415 1050 1458 me
1105 1396 1315 1457 status
1373 1393 1479 1457 hic
1533 1393 1627 1457 rei
1679 1394 1973 1478 publicae
2025 1416 2168 1459 non

254 1483 556 1566 delectat3
603 1483 812 1547 scribo
857 1486 1095 1566 tamen,
1137 1484 1214 1545 ut
1257 1485 1323 1545 te
1365 1481 1764 1566 admoneam,
1810 1479 1978 1566 quod
2022 1482 2167 1566 ipse

253 1571 485 1634 litteris
515 1570 812 1635 omnibus
851 1591 890 1633 a
925 1570 1202 1652 pueritia
1244 1569 1496 1634 deditus
1524 1570 1905 1653 experiendo
1941 1575 2166 1652 tamen

253 1659 460 1742 magis
507 1680 701 1742 quam
745 1657 1048 1722 discendo
1096 1659 1399 1743 cognovi,
1452 1661 1526 1721 tu
1580 1659 1709 1723 tuis
1761 1658 1949 1722 rebus
1994 1659 2163 1722 inte-

253 1747 386 1830 gris
433 1746 666 1830 discas,
721 1766 928 1828 neque
976 1746 1202 1810 salutis
1246 1750 1507 1810 nostrae
1560 1746 1875 1823 rationem
1918 1746 2164 1811 haben-

252 1833 402 1898 dam
445 1834 634 1900 nobis
681 1856 819 1899 esse
866 1835 1004 1899 sine
1049 1833 1366 1919 dignitate
1401 1857 1608 1919 neque
1651 1834 1984 1920 dignitatis
2021 1835 2163 1901 sine

253 1924 478 1988 salute.
568 1922 753 1999 Quod
806 1923 966 1987 mihi
1019 1924 1097 1987 de
1152 1923 1287 1988 filia
1341 1927 1407 1987 et
1462 1924 1540 1988 de
1587 1922 1961 2008 Crassipede
2015 1945 2163 2009 gra-

249 2013 497 2095 tulariS,
525 2032 808 2096 agnosco
845 2012 1317 2076 humanitatem
1342 2014 1523 2077 tuam
1560 2034 1872 2097 speroque
1910 2017 1976 2077 et
2003 2017 2164 2096 opto

250 2100 438 2165 nobis
494 2100 664 2164 hanc
718 2100 1239 2165 coniunctionem
1292 2101 1612 2185 voluptati
1664 2101 1822 2166 fore.
1922 2100 2163 2166 Lentu·

248 2190 385 2252 lum
411 2192 725 2273 nostrum,
761 2188 992 2253 eximia
1029 2211 1141 2273 spe
1180 2210 1465 2253 summae
1501 2190 1758 2254 virtutis
1795 2189 2160 2255 adolescen-

248 2280 400 2362 tem,
445 2299 643 2361 quum
689 2278 915 2342 ceteris
962 2278 1236 2361 artibus,
1282 2278 1513 2361 quibus
1560 2278 1865 2343 studuisti
1910 2300 2163 2363 semper

249 2455 422 2520 enim
467 2456 590 2519 erit
631 2454 755 2519 hac
798 2454 1232 2539 praestantior
1276 2454 1637 2539 disciplina:
1684 2476 1876 2539 quem
1911 2477 2050 2539 nos,
2096 2460 2163 2520 et

250 2544 401 2627 quia
444 2547 594 2607 tuus
641 2545 707 2607 et
752 2544 903 2626 quia
955 2546 1020 2606 te
1066 2543 1300 2626 dignus
1356 2548 1455 2607 est
1497 2543 1666 2607 filius
1723 2546 1789 2607 et
1843 2544 1993 2628 quia
2037 2564 2159 2609 nos

249 2632 461 2717 diligit
506 2652 881 2714 semperque
927 2630 1166 2714 dilexit,
1210 2630 1280 2693 in
1316 2632 1539 2714 primis
1577 2653 1867 2696 amamus
1913 2653 2160 2696 carum-

249 2742 371 2805 que
416 2719 746 2784 habemuS.
1655 2749 1660 2752 -

386 2980 489 3051 Ep.
531 2988 579 3050 7,
620 2986 702 3037 10.
777 2980 1022 3048 cognovi,
1055 2984 1117 3034 tu
1143 2981 1256 3035 tuis
1293 2981 1425 3048 (W.)
1465 2984 1565 3034 aut
1599 2997 1662 3047 α,
1699 2961 1760 3036 2⁵01
1787 2986 1849 3035 tu
1876 2983 1986 3035 tuis
2026 2982 2162 3051 (W.)

247 3053 349 3178 gut
376 3068 446 3175 103,
481 3053 544 3107 id
578 3057 642 3107 ut
676 3056 739 3107 tu
775 3052 888 3106 tuis
926 3050 1007 3119 (L.
1048 3055 1224 3120 1584).
1298 3068 1342 3107 c.
1391 3051 1552 3107 Utm's
1585 3053 1659 3106 M.
1734 3068 1777 3108 c.
1788 3092 1807 3120 ,
1852 3056 1913 3106 tu
1951 3058 2012 3106 ut
2049 3056 2165 3108 tuis
