2338 3691
190 118 276 183 26
755 120 830 174 Μ.
868 119 1116 174 TULLII
1152 117 1533 174 CICERONIS

191 263 336 349 cogi
380 264 482 329 fas
527 285 666 329 esse
710 285 849 329 non
893 264 1341 329 arbitraretur:
1385 286 1531 329 mea
1573 263 1741 328 ratio
1786 263 1914 328 fuit
1959 263 2114 346 alia,

192 352 363 436 quod
407 374 616 436 neque
662 352 1014 437 desipiente
1068 352 1308 437 populo
1370 373 1489 416 nec
1533 351 1790 437 integra
1832 373 1902 416 re
1947 353 2115 416 mihi

193 440 272 504 ad
319 441 809 525 consulendum,
863 462 1341 525 capesseremne
1394 462 1533 505 rem
1584 440 1935 525 publicam,
1977 444 2115 504 51m-

190 529 466 612 plicatus
500 530 788 614 tenebar,
825 529 938 594 sed
971 530 1250 593 laetatus
1285 531 1506 593 tamen
1544 551 1705 613 sum,
1740 529 1910 612 quod
1945 529 2116 593 mihi

190 617 414 682 liceret
448 618 520 682 in
555 618 779 682 eadem
816 639 1010 682 causa
1046 621 1114 682 et
1146 617 1309 682 mihi
1343 618 1532 682 utilia
1576 620 1641 681 et
1687 618 1887 681 cuivis
1931 617 2111 682 bono

188 709 366 770 recta
410 704 778 790 defendere3
821 706 951 770 huc
996 707 1267 771 accessit
1310 704 1872 770 commemoranda
1916 726 2112 789 quae-

191 793 341 857 dam
395 797 461 859 et
514 795 733 859 divina
789 792 1081 859 Caesaris
1144 795 1218 859 in
1279 816 1382 859 me
1443 793 1838 878 fratremque
1892 815 2114 859 meum

189 882 570 948 liberalitas:
618 883 728 968 qui
772 883 950 968 mihi,
996 904 1429 967 quascumque
1466 904 1570 947 res
1612 885 1878 967 gereret,
1921 885 2114 946 tuen·

193 971 312 1035 dus
359 976 552 1055 esset,
609 991 785 1036 nunc
827 972 901 1036 in
942 975 1131 1036 tanta
1174 971 1483 1036 felicitate
1537 971 1863 1073 tantisque
1907 971 2114 1036 victo-

191 1059 330 1142 riis,
387 1060 640 1124 etiamsi
692 1060 764 1135 in
816 1081 938 1125 nos
991 1081 1129 1124 non
1182 1061 1239 1125 is
1295 1063 1489 1144 esset,
1545 1060 1655 1143 qui
1709 1062 1834 1143 est,
1886 1062 2115 1124 tamen

193 1148 521 1212 ornandus
574 1147 923 1231 videretur3
989 1148 1079 1213 sic
1133 1148 1307 1213 enim
1361 1152 1427 1213 te
1482 1148 1843 1212 existimare
1897 1148 2115 1233 velim,

192 1258 392 1320 quum
437 1259 476 1301 a
520 1237 723 1320 vobis,
766 1258 947 1302 meae
993 1237 1220 1301 salutis
1257 1237 1646 1320 auctoribus,
1691 1236 2114 1320 discesserim,

190 1325 514 1390 neminem
558 1346 716 1410 esse,
760 1325 941 1390 cuius
978 1325 1209 1390 officiis
1254 1347 1356 1389 me
1392 1329 1529 1389 tam
1564 1346 1702 1389 esse
1740 1325 2113 1389 devinctum

90 1430 154 1478 19
192 1435 327 1479 non
393 1414 602 1480 solum
665 1414 1000 1497 confitear,
1063 1412 1177 1479 sed
1241 1414 1437 1478 etiam
1498 1413 1831 1499 gaudeam.
1921 1411 2112 1488 Quod

194 1503 500 1585 quoniam
552 1502 673 1567 tibi
727 1504 1020 1586 exposui,
1073 1502 1293 1566 facilia
1346 1506 1502 1567 sunt
1545 1523 1647 1586 ea,
1701 1523 1866 1585 quae
1920 1523 1960 1564 a
2004 1523 2111 1566 me

194 1590 270 1654 de
315 1589 584 1654 Vatinio
639 1593 706 1654 et
759 1589 837 1653 de
884 1589 1115 1655 Crasso
1168 1590 1469 1675 requiris3
1522 1611 1702 1674 nam,
1757 1590 1833 1653 de
1887 1587 2108 1674 Appio

193 1678 366 1760 quod
403 1677 646 1761 scribis,
683 1677 871 1741 sicuti
909 1679 988 1742 de
1025 1676 1317 1760 Caesare,
1351 1682 1417 1743 te
1453 1700 1589 1744 non
1623 1677 2112 1763 reprehendere,

193 1765 442 1850 gaudeo
486 1765 610 1829 tibi
655 1766 996 1831 consilium
1048 1767 1311 1851 probari
1343 1788 1594 1843 meum.
1682 1765 1783 1831 De
1836 1765 2107 1831 Vatinio

194 1858 427 1938 autem,
471 1854 750 1938 primum
793 1856 1038 1920 reditus
1073 1856 1526 1921 intercesserat
1557 1856 1630 1920 in
1670 1856 1947 1940 gratiam
1989 1877 2113 1940 per
2199 1891 2213 1904 ·

191 1941 596 2027 Pompeium,
650 1942 872 2008 statim
916 1947 990 2008 ut
1032 1944 1141 2009 ille
1187 1948 1448 2028 praetor
1492 1948 1592 2009 est
1633 1944 1863 2027 factus,
1908 1965 2112 2027 quum

193 2030 451 2115 quidem
505 2052 626 2116 ego
684 2032 820 2097 eius
873 2033 1255 2117 petitionem
1309 2033 1706 2118 gravissimis
1759 2033 1830 2097 in
1876 2037 2111 2097 senatu

194 2119 531 2184 sententiis
578 2141 1080 2207 oppugnassem,
1133 2143 1342 2205 neque
1394 2125 1532 2185 tam
1583 2121 1757 2185 illius
1809 2120 2111 2185 laedendi

194 2229 389 2273 causa
424 2229 619 2293 quam
656 2208 1041 2275 defendendi
1076 2213 1270 2293 atque
1308 2209 1581 2274 ornandi
1623 2208 1914 2293 Catonis;
1958 2214 2115 2294 post

195 2300 412 2360 autem
470 2295 788 2382 Caesarie,
852 2301 927 2363 ut
986 2299 1171 2363 illum
1234 2298 1668 2382 defenderem,
1729 2298 1894 2362 mira
1957 2318 2111 2363 con-

193 2385 400 2451 tentio
446 2390 546 2450 est
590 2390 953 2452 consecuta.
1045 2384 1177 2451 Cur
1221 2390 1438 2450 autem
1482 2386 1824 2470 laudarim,
1869 2390 2022 2471 peto
2070 2410 2113 2451 a

192 2477 286 2558 te,
330 2476 405 2539 ut
446 2474 516 2539 id
561 2496 600 2539 a
644 2497 746 2540 me
800 2497 963 2540 neve
1017 2476 1088 2539 in
1139 2475 1267 2539 hoc
1321 2496 1431 2540 reo
1485 2497 1647 2540 neve
1697 2474 1771 2539 in
1823 2475 1967 2540 aliis
2011 2497 2112 2540 re·
2149 2515 2160 2520 -

196 2562 430 2646 quiras‚
474 2584 557 2626 ne
601 2563 722 2627 tibi
767 2584 889 2649 ego
934 2563 1107 2628 idem
1140 2584 1472 2647 reponam,
1517 2585 1717 2647 quum
1749 2564 2002 2628 veneris
2022 2599 2110 2610 —

193 2650 455 2715 tametsi
498 2672 762 2735 possum
807 2652 909 2715 vel
951 2651 1223 2733 absenti,
1267 2651 1604 2717 recordare
1640 2652 1830 2736 enim,
1877 2651 2114 2735 quibus

194 2739 635 2805 laudationem
679 2761 758 2803 ex
801 2739 1044 2804 ultimis
1089 2739 1279 2804 terris
1316 2740 1591 2824 miseris3
1633 2761 1755 2804 nec
1797 2740 1924 2804 hoc
1968 2762 2112 2824 per·

195 2828 511 2913 timueris,
555 2850 711 2893 nam
755 2850 795 2892 a
838 2849 941 2891 me
985 2828 1127 2912 ipso
1173 2828 1521 2893 laudantur
1564 2831 1630 2893 et
1671 2828 2115 2894 laudabuntur

196 2915 390 2980 iidem
435 2939 549 3000 -3
594 2916 707 2982 sed
752 2919 974 2981 tamen
1018 2915 1405 2981 defendendi
1448 2916 1700 2982 Vatinii
1742 2917 1870 2981 fuit
1914 2918 2114 2982 etiam

195 3003 304 3067 ille
348 3004 665 3090 stimuluS,
709 3004 787 3069 de
833 3027 960 3090 quo
1006 3005 1078 3069 in
1121 3005 1377 3091 iudicio,
1423 3027 1620 3090 quum
1664 3005 1847 3070 illum
1894 3006 2115 3070 defen-

198 3092 438 3174 derem,
497 3093 628 3157 dixi
671 3115 774 3159 me
817 3094 1031 3159 facere
1076 3094 1406 3179 quiddam,
1459 3094 1634 3179 quod
1676 3094 1747 3158 in
1791 3094 2114 3160 Eunucho

196 3180 516 3264 parasitus
540 3182 860 3247 -suaderet
902 3182 1119 3248 militi:

339 3388 440 3458 Ep.
472 3396 521 3457 9,
555 3396 636 3445 19.
699 3390 1255 3446 veneris—tametsi.
1350 3391 1556 3446 .iidem
1585 3410 1683 3456 —;
1727 3392 1820 3447 sed
1848 3391 1979 3461 (W).
2034 3406 2118 3446 υ..-

197 3461 410 3513 tametsi
447 3499 460 3512 .
483 3499 529 3513 ..
568 3460 780 3515 miseris
809 3499 821 3514 .
849 3459 1016 3516 Nec.
1039 3499 1087 3516 ..
1125 3462 1324 3516 iidem.
1346 3460 1455 3517 Sed
1490 3461 1677 3532 vulgo·
