2338 3691
225 123 356 189 352
790 125 865 180 Μ.
904 124 1152 180 TULLII
1187 122 1572 181 CICERONIS
1668 209 1674 216 .

226 269 399 355 quod
442 273 508 335 te
553 269 1041 355 diligentissime
1085 270 1411 355 percipere
1457 272 1525 335 et
1566 269 1933 336 meminisse
1959 269 2003 349 †
2028 291 2143 337 vo-

224 359 383 441 lam,
444 361 520 423 ut
570 380 654 423 ne
715 359 787 423 in
829 359 1129 424 libertate
1182 362 1249 424 et
1302 359 1509 427 salute
1570 359 1798 444 populi
1857 357 2144 425 Romani

226 447 667 515 conservanda
702 448 1152 514 auctoritatem
1184 451 1447 513 senatus
1483 450 1813 533 exspectes
1847 447 2144 513 nondum

224 535 430 618 liberi,
472 557 555 600 ne
600 539 668 601 et
709 538 896 602 tuum
928 536 1175 602 factum
1212 536 1597 604 condemnes
1626 572 1712 585 -
1739 537 1920 602 nullo
1967 537 2144 603 enim

225 623 483 709 publico
522 623 790 690 consilio
826 646 964 691 rem
998 626 1327 710 publicam
1360 625 1734 710 liberavisti,
1778 646 1905 710 quo
1943 624 2144 691 etiam

226 715 328 777 est
377 734 482 783 res
535 713 650 778 illa
701 713 908 779 maior
961 718 1028 779 et
1081 714 1315 780 clarior
1368 750 1451 761 —-
1466 764 1485 797 ,
1548 716 1614 779 et
1667 714 2142 781 adolescentem

225 802 328 866 vel
371 822 643 885 puerum
684 803 904 886 potius
941 801 1282 869 Gaesarem
1323 802 1566 869 iudices
1609 805 1852 871 temere
1893 802 2143 886 fecisse,

226 890 337 973 qui
382 893 635 959 tantam
670 912 931 959 causam
967 891 1294 975 publicam
1328 891 1584 976 privato
1621 891 1891 958 consilio
1930 912 2140 958 susce-

224 979 412 1064 perit,
455 978 730 1064 denique
773 979 1070 1046 homines
1113 981 1411 1065 rusticos,
1459 979 1572 1047 sed
1615 979 2004 1048 fortissimos
2048 981 2142 1045 vi·

224 1089 333 1132 ros
380 1066 675 1151 civesque
721 1068 1028 1152 optimos,
1081 1069 1412 1134 dementes
1463 1068 1664 1135 fuisse
1708 1069 1969 1153 iudices,
2011 1069 2143 1154 pri·

225 1178 405 1220 mum
447 1157 684 1222 milites
737 1160 1102 1242 veteranos,
1157 1158 1626 1227 commilitones
1677 1161 1858 1243 tuos,
1910 1157 2144 1222 deinde

225 1244 547 1330 legionem
592 1244 922 1330 Martiam,
974 1246 1301 1331 legionem
1353 1250 1679 1332 quartam,
1733 1268 1896 1331 quae
1950 1268 2144 1312 suum

226 1334 557 1399 consulem
601 1333 856 1400 hostem
899 1334 1348 1401 iudicaverunt
1382 1356 1576 1420 seque
1613 1336 1696 1402 ad
1733 1336 2007 1403 salutem
2045 1337 2142 1401 rei

225 1422 520 1506 publicae
567 1422 1036 1489 defendendam
1081 1425 1513 1490 contulerunt.
1585 1423 1911 1491 Voluntas
1955 1445 2142 1491 sena-

224 1514 332 1575 tus
376 1534 495 1595 pro
551 1513 935 1578 auctoritate
987 1513 1215 1581 haberi
1260 1513 1477 1598 debet,
1534 1535 1734 1598 quum
1788 1514 2143 1580 auctoritas

154 1608 189 1657 3
225 1599 574 1685 impeditur
617 1605 812 1666 metu.
876 1599 1213 1668 Postremo
1259 1606 1560 1705 suscepta
1601 1601 1724 1689 tibi
1770 1624 1966 1669 causa
2006 1603 2144 1670 iam

225 1687 327 1752 bis
372 1693 498 1773 est,
540 1692 616 1754 ut
656 1711 794 1756 non
839 1690 925 1756 sit
965 1691 1319 1777 integrum:
1378 1691 1658 1776 primum
1700 1691 1924 1757 Idibus
1968 1690 2142 1757 Mar-

225 1775 361 1861 tiis,
415 1776 644 1843 deinde
697 1779 1012 1866 proxime,
1067 1781 1349 1847 exercitu
1392 1802 1563 1847 novo
1610 1784 1677 1845 et
1721 1780 1923 1866 copiis
1968 1801 2141 1847 com-

224 1867 489 1949 paratis.
606 1831 1035 1943 Quamobrem
1099 1870 1182 1934 ad
1245 1870 1464 1937 omnia
1523 1871 1621 1938 ita
1680 1873 1974 1973 paratus,
2045 1871 2143 1935 ita

228 1954 550 2021 animatus
596 1956 789 2023 debes
835 1979 1000 2042 esse,
1051 1980 1190 2024 non
1242 1962 1317 2024 ut
1360 1959 1525 2024 1111111
1568 1959 1771 2026 facias
1824 1959 1953 2024 nisi
2010 1960 2142 2026 ius-

229 2064 356 2128 sus,
400 2042 511 2109 sed
555 2048 630 2110 ut
674 2066 751 2111 ea
794 2066 1001 2131 geraS,
1043 2069 1208 2132 quae
1249 2048 1331 2114 ab
1370 2047 1669 2116 omnibus
1704 2070 1955 2115 summa
1991 2070 2141 2116 cum

228 2131 653 2199 admiratione
697 2134 1058 2200 laudentur

1092 2329 1275 2396 VIII.

352 2437 466 2495 Ser.
513 2441 724 2497 Romae
770 2441 1001 2497 ineunte
1054 2460 1244 2499 mense
1290 2443 1550 2499 Ianuario
1600 2460 1649 2498 a.
1695 2461 1749 2498 u.
1795 2460 1841 2498 c.
1889 2448 2011 2500 ⁷11.

420 2564 494 2618 M.
524 2564 783 2622 CICERO
813 2565 866 2623 S.
894 2566 961 2622 D.
989 2566 1055 2622 D.
1084 2566 1332 2623 BRUTO
1359 2568 1505 2623 ῙΜΡ.
1534 2567 1681 2624 GOS.
1709 2567 1939 2624 DESIG.

161 2671 183 2720 ¹
359 2664 460 2731 Eo
504 2670 681 2753 temp
685 2688 795 2732 ore
838 2665 1024 2733 Polla
1076 2670 1193 2733 tua
1235 2668 1439 2748 misit,
1498 2672 1574 2734 ut
1626 2669 1708 2733 ad
1760 2672 1826 2734 te
1882 2670 1938 2735 si
1984 2670 2144 2756 quid

227 2755 458 2820 vellem
496 2755 715 2821 darem
748 2755 1130 2841 litterarum,
1165 2778 1383 2842 quum,
1418 2757 1572 2842 quid
1609 2758 1969 2843 scriberem,
2004 2782 2146 2827 non

225 2844 574 2930 habebam3
628 2845 848 2911 omnia
900 2845 1074 2909 enim
1128 2849 1316 2909 erant
1361 2867 1674 2930 suspensa
1724 2851 1992 2932 propter
2037 2871 2144 2914 ex-

229 2934 695 3018 spectationem
746 2934 1136 3020 legatorum,
1201 2935 1313 3018 qui
1367 2934 1521 3020 quid
1575 2935 1886 3021 egissent,
1947 2937 2144 3003 nihil-

229 3022 381 3087 dum
407 3023 847 3087 nuntiabatur.
916 3022 1098 3087 Haec
1132 3026 1355 3089 tamen
1382 3023 1720 3089 scribenda
1756 3025 2147 3093 existimavi:

227 3111 506 3191 primum
561 3114 856 3176 senatum
910 3112 1347 3198 populumque
1393 3111 1761 3180 Romanum
1814 3114 1892 3180 de
1936 3119 2005 3180 te
2049 3117 2146 3182 la·

228 3195 457 3262 borare
518 3220 654 3264 non
717 3201 925 3265 solum
988 3201 1215 3266 salutis
1278 3223 1431 3266 suae
1497 3225 1717 3288 causa,
1776 3205 1887 3269 sed
1942 3205 2147 3272 etiam

369 3401 474 3471 Ep.
516 3410 562 3471 7,
592 3411 641 3460 2.
712 3410 1014 3465 meminisse
1045 3414 1083 3477 †
1117 3412 1296 3467 volam
1341 3412 1492 3483 (W.).
1581 3430 1650 3469 m.
1695 3414 1816 3470 volo
1860 3414 1996 3484 (W)
2039 3418 2146 3471 aut

229 3487 296 3524 m.
334 3473 491 3527 velim
529 3446 603 3540 (N
607 3479 657 3543 ..)
730 3495 798 3532 m.
835 3482 1013 3536 volam
1046 3482 1182 3537 ΜΒ.
