2338 3691
614 118 1135 178 EPISTOLARUM
1169 119 1319 175 VIII.
1359 126 1441 175 15.
1483 126 1567 176 13.
1918 117 2053 182 2115

1008 369 1189 436 XVI.

392 479 508 539 Bor.
546 500 738 539 mense
775 482 959 553 Aprili
996 482 1251 567 (circiterv
1275 481 1377 551 Id.)
1415 498 1466 537 a.
1502 500 1557 538 11.
1595 499 1643 537 3.
1682 486 1803 538 705.

654 606 959 663 CAELIUS
997 605 1342 663 CICERONI
1379 605 1531 662 SAL.

277 702 700 772 Exanimatus
762 707 893 772 tuis
950 708 1212 791 litteris,
1275 706 1508 790 quibus
1569 709 1636 771 te
1699 706 1865 772 nihil
1925 706 2056 772 nisi
2090 712 2122 765 1

165 793 327 859 triste
371 796 656 882 cogitare
703 795 1043 861 ostendisti
1086 816 1314 880 neque,
1357 795 1426 859 id
1469 794 1623 878 quid
1667 800 1862 879 33331,
1914 817 2054 880 per-

166 882 453 968 scripsisti
499 906 708 969 neque
753 906 891 950 non
923 888 1164 968 tamen,
1209 884 1398 968 quale
1435 888 1622 969 33331,
1666 884 1838 968 quod
1884 885 2056 969 cogi-

164 973 333 1056 tares,
377 974 705 1058 aperuisti,
740 973 859 1038 has
896 974 981 1038 ad
1014 977 1080 1038 te
1116 973 1291 1041 illico
1327 973 1577 1038 litteras
1619 973 1862 1057 scripsi.
1931 972 2058 1038 Per

165 1058 440 1126 fortunas
504 1066 680 1146 tuas,
743 1059 995 1146 Cicero,
1055 1083 1173 1146 per
1234 1061 1473 1127 liberos
1535 1065 1601 1126 te
1665 1083 1779 1127 oro
1835 1064 1902 1126 et
1946 1062 2057 1126 ob·

165 1168 349 1234 secro,
408 1171 495 1215 ne
560 1150 712 1235 quid
768 1152 1028 1236 gravius
1084 1150 1163 1215 de
1228 1151 1434 1215 salute
1496 1153 1564 1215 et
1615 1150 2056 1215 incolumitate

163 1238 265 1301 tua
313 1239 641 1322 consulas3
693 1260 848 1304 nam
902 1240 1056 1304 deos
1108 1238 1531 1322 hominesque
1586 1239 2059 1322 amicitiamque

165 1329 433 1392 nostram
475 1328 790 1393 testificor
834 1351 937 1393 me
981 1328 1103 1393 tibi
1137 1327 1530 1412 praedixisse
1565 1348 1775 1411 neque
1817 1330 2059 1392 temere

166 1416 491 1501 monuisse,
536 1417 667 1500 sed,
710 1420 1055 1501 postquam
1085 1413 1427 1481 Caesarem
1462 1415 1872 1481 convenerim
1917 1436 2060 1480 sen·

164 1504 545 1591 tentiamque
591 1506 756 1590 eius,
813 1505 1021 1591 qualis
1064 1505 1285 1571 futura
1328 1509 1500 1570 esset
1542 1507 1732 1589 parta
1774 1503 2062 1589 victoria,

169 1595 581 1678 cognoverim,
623 1597 691 1659 te
735 1594 1072 1660 certiorem
1106 1594 1353 1659 fecisse.
1424 1591 1494 1658 Si
1539 1593 1866 1658 existimas
1911 1613 2060 1657 ean·

169 1678 294 1745 dem
344 1684 668 1749 rationem
720 1683 862 1748 fore
917 1680 1209 1748 Caesaris
1263 1683 1345 1747 in.
1387 1681 1785 1747 dimittendis
1840 1681 2061 1746 adver-

172 1770 335 1835 sariis
397 1775 466 1837 et
531 1770 1015 1837 condicionibus
1072 1770 1383 1856 ferendis,
1440 1793 1641 1836 erras.
1707 1770 1874 1836 nihil
1934 1770 2062 1835 nisi

169 1862 333 1925 atrox
376 1864 444 1926 31
492 1882 754 1926 saevum
799 1862 1045 1946 cogitat
1088 1864 1283 1945 atque
1328 1860 1523 1925 etiam
1574 1862 1886 1946 loquitur·
1937 1861 2061 1924 ira·

170 1948 261 2011 tus
311 1950 570 2014 senatui
631 1950 812 2033 exiit,
873 1949 976 2015 his
1029 1949 1597 2015 intercessionibus
1658 1949 1853 2033 plane
1906 1948 2062 2013 inci-

170 2037 324 2102 tatus
379 2042 509 2122 est3
570 2059 706 2104 non
760 2037 1153 2103 mehercules
1207 2037 1331 2103 erit
1375 2037 1808 2139 deprecationi
1864 2037 2063 2103 locus.

172 2121 378 2212 Quare,
424 2127 481 2193 si
526 2126 648 2191 tibi
692 2129 785 2210 tu,
831 2127 886 2191 si
928 2127 1100 2192 filius
1145 2127 1392 2211 unicus,
1438 2126 1493 2191 si
1523 2126 1771 2210 domus,
1815 2126 1871 2190 si
1917 2147 2062 2209 spes
2098 2138 2132 2187 2

170 2213 303 2278 tuae
362 2216 650 2318 reliquae
712 2177 835 2279 tibi
899 2237 1084 2280 carae
1146 2217 1326 2299 sunt,
1378 2215 1435 2279 si
1487 2214 1730 2298 aliquid
1782 2213 1953 2298 apud
1997 2217 2063 2278 te

171 2304 906 2458 ἓέἑίιέἐωᾛὲᾑὲῗὲἒέ
950 2265 2066 2476 ἕξιῗέᾚῖἶῗψέὲῗῖἳῖαᾙοέἓιῗ

174 2481 441 2564 33111,111
489 2481 669 2545 3111113
723 2481 994 2545 victoria
1038 2481 1214 2546 331113
1258 2483 1485 2546 nostra
1529 2484 1653 2565 est,
1698 2480 1907 2546 odisse
1953 2483 2067 2544 aut

173 2567 516 2653 relinquere
561 2590 870 2655 cogamur
915 2572 1030 2634 aut
1071 2569 1337 2652 impiam
1377 2569 1795 2652 cupiditatem
1840 2571 2067 2634 contra

176 2655 429 2722 salutem
483 2660 665 2722 tuam
718 2657 1070 2723 habeamus
1115 2681 1228 2705 —-·
1283 2658 1557 2742 denique
1610 2657 1772 2722 illud
1825 2656 2065 2741 cogita·

177 2744 330 2824 quod
375 2745 658 2812 offensae
702 2746 901 2811 fuerit
943 2746 1014 2810 in
1049 2747 1177 2811 ista
1213 2747 1640 2829 cunctatione,
1681 2748 1748 2809 te
1795 2744 2069 2827 subisse3

176 2848 331 2897 nunc
390 2837 457 2899 te
513 2839 741 2900 contra
803 2834 1112 2900 victorem
1176 2832 1515 2900 Caesarem
1576 2834 1815 2916 facere,
1878 2853 2070 2918 quem

178 2915 369 2986 dubiis
412 2923 606 2988 rebus
651 2923 902 2988 laedere
947 2924 1233 3008 noluisti,
1278 2927 1344 2989 et
1387 2924 1470 2988 ad
1515 2944 1625 2988 eos
1660 2921 1923 3007 fugatos
1970 2941 2069 2984 ac-

179 3008 407 3094 cedere,
479 3032 641 3097 quos
714 3012 1084 3077 resistentes
1158 3012 1341 3097 sequi
1410 3010 1720 3093 nolueris,
1784 3030 2069 3074 summae
2166 3011 2173 3016 '

180 3096 474 3164 stultitiae
520 3103 637 3166 est.
708 3100 894 3185 Vide,
936 3122 1040 3185 ne,
1083 3100 1238 3166 dum
1282 3100 1483 3185 pudet
1525 3102 1591 3163 te
1629 3120 1861 3183 parum
1905 3097 2069 3182 opti-

306 3253 535 3326 Ep.16‚
578 3263 624 3311 1.
708 3258 859 3314 alico
896 3259 1020 3325 (M2
1056 3258 1131 3312 ad
1165 3258 1284 3312 Att.
1321 3256 1398 3325 X,
1438 3262 1488 3325 9,
1526 3257 1624 3326 A),
1670 3254 1859 3325 vulgo.
1943 3254 2072 3308 ilico

180 3317 246 3373 Μ
281 3327 338 3379 31
368 3326 464 3381 Μ1
503 3328 599 3397 (ad
634 3328 793 3398 Att),
831 3329 891 3382 B.
942 3333 991 3385 2.
1030 3325 1327 3383 habeamus
1363 3359 1429 3367 —
1497 3325 1802 3394 derum(W)
1875 3325 1924 3379 h.
1963 3324 2072 3377 De-

179 3391 333 3516 ν’ῗυς
363 3398 549 3469 vulgo.
589 3428 658 3439 ·-
707 3400 963 3455 victorem
999 3399 1282 3455 Gaesarem
1318 3398 1412 3465 (Μ.
1453 3398 1526 3451 ad
1562 3398 1705 3463 Att„
1744 3395 1861 3461 W„
1899 3393 1959 3447 et
1992 3390 2072 3445 sic

181 3475 247 3516 vo
265 3463 349 3520 uit
379 3467 477 3539 B..)
551 3469 838 3527 Gaesarem
873 3487 980 3527 om.
1017 3470 1111 3539 Μ.
1146 3469 1334 3539 vulgo.
