2338 3691
719 123 1245 180 EPISTOLARUM
1280 123 1376 179 XI.
1414 129 1642 180 21—23.
2006 124 2134 190 367

1068 374 1283 442 XXII.

214 487 334 543 Sor.
355 487 568 544 Romae
593 504 785 543 mense
805 487 1076 554 Quinctili
1103 488 1319 560 (paullo
1348 489 1478 543 ante
1503 506 1588 558 pr.
1612 487 1778 559 Non.)
1800 504 1849 544 a.
1868 506 1923 543 u.
1942 504 1989 544 c.
2012 493 2133 545 711.
2172 503 2176 507 ’

687 612 763 668 Μ.
801 611 1059 668 CICERO
1099 612 1153 668 S.
1191 613 1257 668 D.
1293 611 1362 677 D.
1399 613 1663 669 BRUTO.

353 709 518 778 Cum
560 711 777 797 Appio
825 710 1095 779 Claudio
1141 711 1212 780 O.
1255 712 1302 777 f.
1348 735 1599 778 summa
1656 712 1817 778 mihi
1859 712 2132 778 necessi·
2172 725 2201 773 1

214 800 376 867 tudo
425 804 523 866 est
567 801 788 867 multis
835 803 972 867 eius
1020 801 1249 867 officiis
1297 805 1363 867 et
1405 803 1567 867 meis
1612 803 1853 867 mutuis
1898 803 2136 869 consti-

215 893 382 956 tuta.
469 889 631 955 Peto
687 912 728 955 a
771 894 836 955 te
862 890 1199 981 ,maiorem
1253 890 1326 955 in
1368 890 1633 956 modum
1684 891 1815 956 vel·
1840 891 2135 956 humani-

215 979 377 1044 tatis
420 982 571 1044 tuae
617 980 720 1045 vel
763 1001 912 1045 mea
962 1000 1185 1064 causa,
1236 983 1313 1045 ut
1366 1001 1514 1045 eum
1568 980 1951 1046 auctoritate
2003 983 2138 1064 tua,

218 1089 387 1153 quae
433 1068 781 1153 plurimum
825 1069 1001 1134 valet
1011 1119 1031 1154 ,
1074 1072 1527 1134 conservatum
1571 1069 1747 1134 velis.
1835 1067 2008 1134 Volo
2051 1072 2138 1153 te,

218 1179 423 1242 quum
464 1157 857 1223 fortissimus
902 1158 1002 1224 vir
1045 1157 1347 1244 cognitus
1393 1158 1501 1242 sis,
1545 1158 1740 1223 etiam
1776 1157 2137 1223 clementis-

221 1247 459 1312 simum
503 1246 873 1312 existimari.
958 1244 1207 1333 Magno
1250 1246 1374 1312 tibi
1427 1247 1552 1312 erit
1595 1249 1977 1312 ornamento
2021 1267 2138 1311 no-

218 1335 608 1401 bilissimum
653 1334 1127 1402 adolescentem
1173 1335 1484 1402 beneficio
1527 1339 1643 1401 tuo
1680 1356 1819 1400 esse
1861 1335 2137 1401 salvum:

221 1425 406 1490 cuius
459 1418 718 1510 quidem
771 1446 966 1490 causa
1017 1425 1143 1490 hoc
1205 1425 1432 1491 melior
1487 1424 1678 1490 debeb
1736 1445 1903 1508 esse,
1965 1424 2139 1509 quod

219 1514 464 1600 piessate
492 1514 805 1579 adductus
842 1518 1109 1599 propter
1142 1515 1345 1599 patris
1381 1513 1857 1579 restitutionem
1895 1533 1965 1578 se
1992 1534 2139 1577 cum

220 1602 516 1668 Antonio
555 1603 916 1686 coniunxi1:;
960 1624 1177 1688 quare,
1213 1603 1336 1669 etsi
1368 1604 1585 1668 minus
1619 1624 1837 1668 veram
1876 1623 2138 1667 causam
2175 1610 2210 1660 2

220 1691 523 1777 habebis,
565 1695 786 1756 tamen
829 1692 933 1757 vel
977 1692 1380 1776 probabilem
1426 1692 1709 1776 aliquam
1753 1691 1997 1776 poteris
2041 1691 2137 1756 in·

223 1779 475 1845 ducere.
562 1779 779 1847 Nutus
833 1784 985 1847 tuus
1038 1784 1257 1866 potest
1304 1781 1639 1848 vhominem
1698 1802 1949 1850 summo
1992 1781 2137 1845 loco

221 1873 473 1955 natum,
518 1892 767 1937 summo
812 1871 1106 1957 ingenie,
1152 1892 1405 1936 summa
1446 1870 1704 1955 virtut-e,
1747 1870 2139 1937 officiosissi-

221 1981 406 2024 mum
449 1963 784 2044 praeterea
829 1963 896 2024 et
940 1961 1400 2046 gratissimum,
1441 1959 1831 2026 incolumem
1873 1960 1946 2024 in
1990 1959 2139 2024 civi-

219 2051 362 2113 tate
389 2048 692 2113 retinere:
739 2048 912 2133 quod
947 2054 1022 2113 ut
1048 2048 1268 2134 facias,
1299 2049 1396 2114 ita
1422 2070 1463 2113 a
1487 2050 1555 2113 te
1589 2051 1762 2134 peto,
1796 2051 1873 2113 ut
1897 2048 2143 2115 maiore

224 2135 443 2203 studio
487 2137 776 2223 magisve
822 2158 901 2202 ex
944 2137 1160 2204 animo
1206 2141 1424 2223 petere
1469 2158 1606 2202 non
1647 2137 1910 2221 possim.

1060 2331 1306 2397 XXIII.

453 2443 569 2500 Scr.
607 2443 920 2516 Eporediae
955 2443 1103 2499 VIII.
1142 2444 1268 2499 Kal.
1306 2444 1493 2500 Iunias
1529 2460 1578 2499 a.
1617 2462 1670 2499 u.
1707 2461 1755 2499 c.
1796 2449 1913 2499 ⁷11.

638 2569 704 2624 D.
741 2569 1029 2625 BRUTUS
1069 2569 1121 2625 S.
1158 2569 1227 2625 D.
1263 2570 1338 2624 M.
1377 2567 1734 2626 CICERONI.

333 2666 513 2739 ,Nos
544 2669 654 2734 hic
698 2670 984 2735 valemus
1019 2672 1193 2735 recte
1230 2672 1313 2754 et,
1357 2690 1484 2754 quo
1529 2669 1758 2735 melius
1794 2669 2143 2755 valeamus,
2180 2685 2210 2736 1

226 2780 497 2843 operam
542 2757 853 2824 dabimus.
942 2756 1224 2843 Lepidus
1280 2757 1611 2824 commode
1665 2758 1856 2825 nobis
1903 2758 2168 2824 sentire·

224 2846 508 2939 videtur-z
572 2847 753 2913 omni
803 2848 1035 2914 timore
1090 2846 1382 2932 deposito
1439 2847 1744 2913 debemus
1795 2846 1995 2912 libere
2049 2846 2143 2911 rei

223 2936 526 3022 publicae
581 2936 933 3002 consulere.
1021 2935 1209 3013 Quod
1262 2936 1319 3001 si
1372 2935 1590 3003 omnia
1643 2939 1862 3001 essent
1913 2935 2144 3022 aliena,

223 3030 453 3090 tamen
494 3025 705 3091 tribus
749 3025 954 3090 tantis
998 3023 1407 3109 exercitibus,
1460 3023 1739 3111 propriis
1796 3023 1891 3089 rei
1935 3024 2143 3108 publi·

228 3135 345 3179 cae
357 3164 376 3197 ,
428 3114 795 3179 valentibus
848 3134 1160 3200 magnum
1207 3114 1497 3179 animum
1551 3113 1790 3178 habere
1845 3111 2145 3197 debebas,

228 3224 425 3288 quem
469 3206 536 3268 et
580 3204 830 3288 semper
863 3204 1150 3268 habuisti
1187 3207 1252 3268 et
1286 3223 1462 3268 nunc
1497 3202 1762 3267 fortuna
1798 3200 2143 3268 adiuvante

229 3311 469 3378 augere
522 3296 727 3377 potes.
817 3292 994 3369 Quae
1048 3292 1169 3357 tibi
1225 3290 1659 3376 superioribus
1710 3290 1944 3355 litteris
1998 3309 2144 3354 mea
2180 3296 2215 3346 2

229 3402 432 3446 manu
476 3382 731 3467 scripsi,
783 3381 1065 3447 terrendi
1117 3381 1218 3446 tui
1271 3402 1465 3445 causa
1516 3379 1811 3445 homines
1870 3379 2141 3461 loquun-

227 3475 366 3537 tur:
420 3471 471 3538 si
527 3470 785 3537 frenum
837 3470 1256 3538 momorderis
1266 3520 1284 3555 ,
1328 3490 1613 3553 peream,
1671 3468 1729 3531 si
1778 3469 1846 3531 te
1901 3483 2143 3541 omnes,
