2338 3691
676 133 1197 190 EPISTOLARUM
1233 134 1382 190 ΧΙΠ.
1424 140 1647 188 12—15.
1986 134 2115 197 431

204 302 280 344 ea
323 300 425 344 res
471 301 512 344 a
556 278 887 364 Volcatio,
931 279 1043 363 qui
1085 279 1333 344 Romae
1379 279 1483 344 ius
1528 278 1709 362 dicit,
1766 280 2004 344 reiecta
2047 277 2119 343 in

203 368 477 433 Galliam
535 373 659 433 ests
737 368 899 433 Peto
944 391 986 432 a
1030 372 1095 432 te
1157 367 1284 433 hoc
1348 368 1749 453 diligentius,
1813 390 2008 451 quam
2063 368 2120 431 si
2155 378 2189 428 2

202 479 345 523 mea
388 479 492 521 res
539 460 733 542 esset,
787 479 915 542 quo
962 461 1063 521 est
1105 456 1441 522 honestius
1488 457 1566 521 de
1612 457 1965 522 amicorum
2008 464 2132 541 pe:

202 547 394 611 cunia
436 546 732 611 laborare
770 568 964 630 quam
1000 545 1079 610 de
1117 568 1253 630 sua,
1297 549 1373 611 ut
1407 546 1743 632 negotium
1780 545 2117 610 conficien-

203 634 357 700 dum
402 656 604 720 cureS,
646 635 785 720 ipse
827 634 1157 719 suscipiaS,
1200 635 1526 720 transigas
1561 656 1953 719 operamque
1988 634 2120 719 deS‚

203 724 416 808 quoad
469 724 591 788 tibi
646 746 923 808 aequum
977 727 1043 788 et
1094 727 1345 788 rectum
1398 723 1743 807 videbitur,
1795 726 1871 787 ut
1925 745 2121 807 quam

203 813 722 878 commodissima
785 812 1162 878 condicione
1235 813 1504 876 libertus
1519 857 1534 871 .
1568 809 1906 876 Strabonis
1920 863 1937 896 ,
2007 813 2121 896 qui

204 901 340 966 eius
398 903 494 966 rei
558 923 753 967 causa
806 902 1041 966 missus
1096 904 1224 985 est,
1285 900 1623 986 negotium
1676 901 1977 966 conficiat
2038 902 2120 965 ad

202 1012 628 1076 nummosque
671 991 1022 1076 perveniat.
1092 989 1172 1055 Id
1217 994 1284 1054 et
1326 990 1488 1054 mihi
1524 990 1963 1074 gratissimum
1999 990 2123 1054 erit

205 1083 270 1144 et
313 1083 388 1145 tu
432 1079 571 1164 ipse
607 1078 679 1144 L.
713 1080 957 1146 Titium
1004 1100 1356 1165 cognosces
1393 1078 1677 1144 amicitia
1720 1082 1835 1143 tua
1879 1079 2121 1163 dignis-

204 1168 455 1233 simum.
546 1168 731 1245 Quod
794 1173 870 1233 ut
920 1169 1042 1233 tibi
1106 1190 1297 1233 curae
1353 1168 1463 1252 sit,
1526 1171 1603 1232 ut
1647 1167 1865 1233 omnia
1910 1169 2124 1233 solent

205 1279 364 1343 esse,
408 1280 572 1342 quae
607 1280 708 1322 me
745 1259 909 1323 velle
946 1258 1091 1342 scie,
1131 1261 1198 1322 te
1234 1256 1650 1323 vehementer
1686 1257 1882 1321 etiam
1928 1260 2121 1340 atque

205 1347 403 1412 etiam
446 1368 627 1432 r0g0.

1092 1541 1236 1607 XV.

520 1652 640 1710 Ser.
678 1655 919 1709 Asturae
955 1670 1147 1709 mense
1183 1652 1370 1725 Aprili
1406 1671 1454 1709 a.
1493 1671 1548 1708 u.
1586 1670 1631 1708 c.
1671 1658 1789 1709 70⁹.

667 1778 923 1836 CICERO
961 1778 1273 1834 CAESARI
1307 1779 1454 1832 IMP.
1495 1778 1645 1832 SAL.

338 1878 682 1945 Precilium
734 1881 857 1946 tibi
910 1881 1288 1947 commendo
1342 1881 1558 1965 unice,
1614 1880 1713 1945 tui
1756 1878 2122 1965 necessarii,
2160 1894 2190 1945 1

202 1970 335 2035 mei
378 1969 890 2055 familiarissimi,
941 1970 1063 2036 viri
1119 1969 1349 2056 optimi
1392 1970 1623 2053 filium3
1677 1990 1867 2054 quem
1921 1992 2121 2054 quum

203 2059 680 2124 adolescentem
722 2059 936 2143 ipsum
979 2063 1246 2144 propter
1282 2059 1417 2124 eius
1454 2058 1852 2143 modestiam,
1893 2058 2119 2123 huma-

203 2148 506 2231 nitatem,
560 2148 849 2212 animum
904 2151 968 2212 et
1014 2170 1299 2213 amorem
1358 2169 1514 2234 erga
1567 2170 1668 2211 me
1727 2148 2121 2232 singularem

205 2236 471 2301 mirifice
518 2236 737 2322 diligo,
780 2240 921 2300 tum
965 2240 1217 2322 patrem
1263 2237 1399 2301 eius
1444 2258 1513 2300 re
1561 2236 1788 2301 doctus
1833 2235 2122 2301 intellexi

205 2328 275 2388 et
318 2324 509 2389 didici
554 2325 715 2389 mihi
759 2325 958 2390 fuisse
1005 2346 1258 2410 semper
1293 2324 1767 2389 amicissimum.
1834 2323 1979 2409 Em,
2014 2324 2121 2389 hic

201 2413 314 2478 ille
368 2416 469 2478 est
512 2413 590 2478 de
644 2414 803 2499 tuis,
854 2414 1129 2478 maxime
1186 2413 1296 2497 qui
1348 2413 1613 2480 irridere
1669 2416 1861 2497 atque
1908 2413 2120 2479 obiur-

203 2524 361 2588 gare
406 2523 508 2566 me
554 2502 783 2568 solitus
829 2506 954 2587 est,
998 2502 1172 2587 quod
1217 2523 1320 2567 me
1366 2524 1502 2568 non
1544 2506 1790 2587 tecum,
1834 2523 2118 2587 praeser-

200 2592 326 2655 tim
370 2613 569 2674 quum
615 2592 730 2656 abs
774 2596 841 2657 te
885 2590 1534 2657 honorificentissime
1578 2591 1916 2676 invitarer,
1970 2612 2120 2656 con-

202 2681 569 2764 iungerem3

295 2797 440 2869 ἀλλ’
493 2800 657 2888 ἐμὸν
694 2798 777 2869 οὗ
811 2825 972 2869 ποτε
1015 2798 1247 2888 θυμὸν
1283 2800 1385 2869 ἑνὶ
1422 2799 1787 2887 στήθεσσιν
1824 2803 2120 2867 ἔπειθεν·

199 2928 548 2994 audiebam
591 2929 765 2993 enim
807 2932 1068 2995 nostros
1112 2949 1410 3013 proceres
1456 2927 1889 2993 clamitantes.

291 3046 568 3159 αλκιμος
613 3046 778 3134 ἔσσ’,
822 3052 938 3117 ἵνα
980 3055 1083 3129 τίς
1137 3069 1201 3116 τε
1244 3050 1356 3117 καὶ
1393 3045 1740 3135 ὀψιγόνων
1784 3039 1861 3116 εὖ
1907 3055 2077 3137 εἴπῃ.

291 3134 383 3218 ὣς
427 3138 624 3225 φάτο,
668 3137 792 3207 τὸν
826 3135 890 3205 δ’
942 3136 1137 3226 ἄχεος
1171 3139 1417 3225 νεφέλη
1458 3137 1743 3218 ἐκάλυψε
1778 3138 2077 3224 μέλαινα.

346 3349 450 3421 Ep.
493 3358 575 3420 14,
605 3357 652 3406 2.
727 3358 792 3407 ut
825 3369 989 3423 quam
1017 3352 1131 3420 (Μ.,
1158 3351 1373 3422 vulgo).
1444 3355 1494 3405 et
1520 3366 1682 3419 quam
1708 3347 1769 3403 B.
1810 3349 1932 3415 (err.
1957 3349 2115 3415 typ..)

201 3421 1264 3493 Ep15,1.illeestaetuis(w..)
1346 3418 2121 3476 i.e³tdeilzisM.i.est

200 3491 294 3563 [de
329 3494 468 3566 illis]
507 3495 630 3549 edd.
668 3495 865 3567 Regg„
902 3495 949 3549 B
