2338 3691
444 858 563 946 M.
633 857 1130 943 TULLII
1194 857 1961 943 CICERONIS

806 996 1605 1072 EPISTULARUM

675 1134 799 1202 AD
846 1133 1257 1212 QUINTUM
1299 1132 1726 1199 FRATREM

959 1263 1180 1323 LIBRI
1224 1262 1441 1324 TRES.

890 1573 1147 1629 LIBER
1197 1572 1516 1630 PRIMUS

1172 1732 1227 1801 1.

799 1855 916 1914 Ser.
953 1857 1165 1912 Romae
1202 1873 1252 1913 a.
1288 1875 1345 1913 u.
1381 1875 1429 1913 c.
1466 1862 1589 1912 694.

645 1996 939 2055 MARCUS
979 1997 1257 2065 QUINTO
1292 1998 1566 2053 FRATRI
1601 1997 1755 2055 SAL.

178 2097 200 2202 ᾖ
378 2103 527 2171 Etsi
569 2126 706 2171 non
742 2106 1138 2191 dubitabam,
1183 2107 1341 2191 quin
1374 2108 1544 2173 hanc
1582 2107 1921 2193 epistolam
1965 2107 2159 2171 multi

242 2195 476 2279 nuntii,
517 2195 694 2258 fama
739 2194 1012 2279 denique
1059 2199 1228 2260 esset
1268 2196 1411 2281 ipsa
1448 2218 1565 2261 sua
1600 2196 1923 2260 celeritate
1970 2218 2157 2278 supe-

241 2287 466 2348 ratura
517 2287 716 2366 tuque
771 2287 922 2348 ante
977 2284 1058 2347 ab
1115 2284 1259 2348 aliis
1313 2283 1646 2349 auditurus
1693 2305 1863 2348 esses
1909 2305 2157 2347 annum

242 2373 506 2436 tertium
570 2373 911 2437 accessisse
975 2371 1289 2437 desiderio
1353 2376 1578 2439 nostro
1641 2376 1708 2437 et
1756 2372 1964 2437 labori
2016 2376 2157 2456 tuo,

240 2462 462 2524 tamen
506 2460 866 2524 existimavi
912 2481 951 2524 a
996 2481 1098 2524 me
1145 2479 1399 2544 quoque
1434 2461 1557 2525 tibi
1590 2461 1781 2525 huius
1819 2460 2156 2524 molestiae

240 2549 544 2612 nuntium
579 2548 849 2633 perferri
887 2552 1209 2632 oportere:
1249 2570 1404 2613 nam
1440 2549 1874 2632 superioribus
1899 2548 2156 2632 litteris,

240 2658 376 2702 non
419 2636 595 2720 uniS‚
650 2637 760 2701 sed
804 2636 1125 2721 pluribuS,
1184 2658 1383 2720 quum
1426 2637 1558 2701 iam
1611 2638 1692 2701 ab
1740 2637 1881 2700 aliis
1929 2636 2154 2718 despe-

237 2729 384 2790 rata
434 2746 537 2789 res
593 2727 786 2809 esset,
838 2727 1058 2788 tamen
1110 2725 1234 2789 tibi
1287 2746 1408 2810 ego
1465 2747 1645 2810 spem
1696 2728 1987 2788 maturae
2043 2724 2153 2788 de·

239 2813 546 2879 cessionis
593 2813 954 2896 afferebam,
998 2835 1134 2877 non
1181 2813 1389 2877 solum
1432 2817 1509 2877 ut
1554 2835 1745 2897 quam
1792 2812 2152 2876 diutissime

236 2906 302 2968 te
365 2901 646 2967 iucunda
708 2902 1012 2985 opinione
1078 2901 1492 2986 oblectarem,
1564 2902 1675 2966 sed
1737 2900 1932 2964 etiam
1997 2901 2152 2984 quia

236 2993 425 3054 tanta
469 2989 894 3055 adhibebatur
939 2993 1006 3053 et
1050 3011 1091 3052 a
1133 2989 1324 3054 nobis
1369 2993 1435 3053 et
1480 3012 1520 3054 a
1551 2989 1955 3073 praetoribus
1996 3010 2151 3053 con-

185 3094 211 3132 2
236 3079 471 3161 tentio,
523 3081 599 3142 ut
639 3099 777 3142 rem
830 3098 1021 3161 posse
1066 3078 1295 3142 confici
1337 3099 1473 3142 non
1518 3076 1900 3161 diffiderem3
1953 3098 2150 3161 nunc,

194 3168 205 3187 ²
237 3167 542 3248 quoniam
585 3166 680 3231 ita
724 3165 973 3249 accidit,
1016 3169 1092 3230 ut
1134 3187 1343 3249 neque
1378 3169 1709 3250 praetores
1744 3165 1877 3230 suis
1916 3166 2151 3250 opibus

373 3386 477 3456 Ep.
519 3396 566 3456 1,
597 3396 644 3444 1.
717 3395 984 3457 oportere.-
1018 3408 1150 3446 nam
1188 3430 1238 3446 ..
1261 3432 1274 3445 .
1310 3392 1464 3459 diff.;
1498 3408 1650 3446 nunc
1676 3391 1824 3460 (W.).
1897 3406 1946 3446 ο.
1990 3390 2148 3446 Nam

234 3493 283 3508 ..
304 3492 318 3507 .
356 3457 409 3509 d.
464 3457 632 3513 Nunc
667 3462 856 3530 vulgo.
1517 3482 1524 3489 ·
