2338 3691
66 189 97 199 a.

82 1880 147 1926 21

182 127 269 191 28
748 128 823 183 M.
865 128 1113 182 TULLII
1149 127 1531 184 CICERONIS

182 294 260 337 ex
292 273 593 337 libertate
628 293 774 336 mea
809 277 1215 357 meque-tum
1242 271 1516 356 denique
1552 272 1678 337 sibi
1705 272 1853 338 ¹esse
1887 272 2106 337 visum

181 361 276 425 rei
320 361 634 444 publicae,
679 362 886 444 qualis
923 362 1208 446 fuissem,
1252 362 1624 426 restitutum
1663 369 1986 445 quumque
2023 384 2108 426 ea.

184 449 514 514 contentio
542 449 703 513 mihi
738 471 1049 534 magnum
1086 450 1282 513 etiam
1308 449 1468 514 foris
1502 449 1788 514 fructum
1824 450 2108 534 tulisset,

184 537 462 623 gaudere
510 559 577 602 se
623 537 925 602 dicebant
967 537 1128 602 mihi
1164 542 1230 602 et
1273 538 1458 602 illum
1491 538 1822 603 inimicum
1860 542 1926 602 et
1970 560 2109 623 eos,

184 626 296 709 qui
339 626 410 688 in
454 625 678 690 eadem
722 647 918 691 causa
962 629 1195 709 essent,
1237 647 1593 710 numquam
1639 627 1880 691 amicos
1923 625 2107 691 futu-

183 735 320 796 ros3
366 736 640 797 quorum
682 715 889 799 iniqui
934 735 1264 797 semones
1308 736 1507 798 quum
1552 715 1634 778 ad
1678 736 1781 779 me
1824 736 1940 798 per
1984 714 2107 779 ho-

183 802 390 867 mines
417 803 906 869 honestissimos
934 803 1372 888 perferrentur
1404 824 1726 887 quumque
1754 802 2137 886 Pompeius‘

182 890 279 954 ita
323 892 788 976 contendisset,
839 894 916 956 ut
969 891 1134 956 nihil
1192 913 1499 975 umquam
1543 892 1752 976 magis
1762 942 1779 974 ,
1832 895 1907 955 ut
1952 912 2109 956 cum

186 976 418 1044 Crasso
463 979 738 1043 redirem
790 981 861 1044 in
906 981 1211 1066 gratiam,
1266 977 1625 1063 Caesarque
1680 1001 1796 1064 per
1847 979 2106 1045 litteras

184 1067 465 1131 maxima
527 1090 594 1132 se
645 1068 955 1133 molestia
1018 1090 1096 1133 ex
1148 1069 1263 1132 illa
1325 1068 1740 1133 contentione
1800 1067 2109 1133 affectum

187 1156 579 1240 ostenderet,
641 1156 842 1221 habui
901 1177 1038 1220 non
1099 1160 1464 1241 temporum
1519 1158 1728 1221 solum
1780 1156 2109 1222 rationem

185 1265 500 1328 meorum,
564 1245 676 1308 sed
722 1244 917 1308 etiam
960 1246 1258 1329 naturae,
1313 1242 1735 1329 Crassusque,
1796 1249 1872 1308 ut
1915 1245 2109 1329 quasi

184 1335 426 1397 testata
468 1334 711 1418 populo
755 1333 1051 1398 Romano
1099 1336 1270 1398 esset
1321 1337 1547 1398 nostra
1601 1332 1838 1418 gratia,
1893 1354 2107 1417 paene

187 1443 227 1484 a
270 1422 429 1486 meis
474 1421 748 1486 Laribus
791 1423 863 1486 in
906 1422 1306 1506 provinciam
1342 1425 1442 1486 est
1476 1421 1803 1506 profectus
1823 1457 1907 1467 -
1927 1443 2107 1507 nam,

187 1530 387 1592 quum
439 1510 600 1573 mihi
654 1510 1071 1593 condixisset,
1126 1510 1423 1575 coenavit
1477 1509 1649 1594 apud
1701 1532 1802 1574 me
1857 1509 1928 1573 in
1971 1512 2107 1574 mei

188 1597 410 1681 generi
454 1594 850 1681 Crassipedis
902 1598 1110 1662 hortis
1140 1634 1254 1683 —,
1290 1598 1708 1682 quamobrem
1761 1598 1896 1662 eius
1953 1619 2104 1662 cau·

188 1706 345 1768 sam,
390 1685 564 1769 quod
605 1689 672 1748 te
720 1685 944 1750 scribis
982 1686 1255 1771 audisse,
1299 1706 1539 1772 magna
1573 1687 1747 1750 illius
1780 1707 2104 1752 commen-

188 1772 447 1837 datione
476 1776 841 1858 susceptam
877 1773 1133 1838 defendi
1168 1775 1241 1838 in
1276 1779 1524 1860 senatu,
1561 1775 1728 1838 sicut
1761 1796 1906 1839 mea
1937 1774 2103 1838 fides

187 1862 575 1946 postulabat.
647 1862 992 1948 Accepisti,
1029 1864 1261 1948 quibus
1297 1864 1490 1928 rebus
1528 1863 1839 1928 adductus
1878 1886 2103 1948 quam-

189 1972 312 2033 que
356 1972 495 2014 rem
540 1972 923 2035 causamque
971 1952 1366 2017 defenderim
1412 1953 1647 2037 quique
1688 1974 1869 2018 meus
1913 1953 1984 2019 in
2026 1974 2103 2017 re

185 2038 446 2123 publica
483 2039 568 2103 sit
601 2061 718 2124 pro
756 2061 900 2104 mea
932 2043 1118 2125 parte
1153 2041 1548 2126 capessenda
1584 2044 1818 2123 status3
1863 2040 1941 2105 de
1970 2062 2102 2124 quo

189 2128 281 2191 sic
324 2128 517 2191 velim
563 2131 828 2212 statuas,
872 2151 974 2192 me
1019 2129 1180 2194 haec
1219 2129 1448 2196 'eadem
1494 2150 1831 2194 sensurum
1883 2128 2105 2215 fuisse,

189 2216 244 2279 si
289 2216 449 2279 mihi
491 2216 747 2301 integra
793 2218 1014 2281 omnia
1066 2239 1140 2282 ac
1183 2218 1389 2283 libera
1432 2218 1733 2283 fuissent:
1791 2238 1946 2281 nam
1988 2240 2102 2281 ne—

189 2325 312 2388 que
349 2305 773 2389 pugnandum
810 2305 1155 2370 arbitrarer
1193 2310 1420 2371 contra
1453 2309 1672 2371 tantas
1702 2326 1856 2390 opes
1892 2327 2104 2389 neque

189 2393 548 2477 delendum,
586 2394 838 2458 etiamsi
874 2394 940 2457 id
974 2394 1113 2459 fieri
1150 2397 1388 2479 posset,
1434 2415 1830 2458 summorum
1868 2393 2107 2459 civium

187 2482 622 2566 principatum
683 2504 804 2547 nec
875 2482 1381 2566 permanendum
1451 2482 1522 2547 in
1585 2504 1726 2569 una⁴
1779 2483 2107 2547 sententia

190 2571 515 2636 conversis
569 2571 761 2635 rebus
817 2592 892 2635 ac
943 2570 1266 2635 bonorum
1318 2571 1762 2637 voluntatibus
1816 2571 2106 2654 mutatiS,

191 2659 302 2724 sed
356 2660 754 2743 temporibus
809 2659 1315 2744 assentiendum3
1376 2682 1732 2744 numquam
1796 2659 1968 2724 enim
2032 2661 2106 2723 in

187 2748 668 2832 praestantibus
721 2748 792 2812 in
843 2769 913 2812 re
969 2747 1228 2830 publica
1284 2748 1708 2833 gubernanda
1759 2748 1913 2812 viris
1967 2748 2106 2811 lau-

191 2837 344 2901 data
390 2841 489 2901 est
532 2837 601 2923 in
647 2859 778 2901 una
824 2836 1146 2900 sententia
1189 2841 1503 2921 perpetua
1541 2836 1927 2921 permansio,
1973 2835 2106 2919 sed,

189 2926 362 2989 utin
388 2925 755 3010 navigando
796 2925 1167 3007 tempestati
1197 2926 1464 3010 obsequi
1501 2926 1659 2991 artis
1697 2929 1813 3009 est,
1849 2924 2107 2988 etiamsi

189 3017 451 3097 portum
493 3016 712 3077 tenere
757 3035 891 3077 non
931 3035 1143 3099 queaS,
1191 3036 1389 3097 quum
1427 3034 1580 3078 vero
1616 3014 1685 3078 id
1720 3012 1929 3097 possis
1965 3034 2105 3075 mu-

188 3104 330 3165 tata
386 3101 810 3167 velificatione
864 3103 1143 3187 assequi,
1200 3103 1470 3166 stultum
1533 3107 1631 3167 est
1684 3123 1831 3166 eum
1881 3104 2108 3164 tenere

191 3210 339 3253 cum
391 3188 676 3273 periculo
732 3211 1016 3275 cursum,
1070 3212 1261 3274 quem
1316 3190 1557 3274 ceperis
1567 3242 1585 3275 ,
1638 3190 1855 3275 potius
1909 3209 2106 3272 quam

332 3397 436 3467 Ep.
476 3405 524 3463 9,
561 3403 646 3451 20.
710 3400 993 3467 profectus
1017 3429 1088 3439 —
1114 3417 1247 3454 nam
1285 3441 1297 3453 .
1322 3441 1334 3452 .
1360 3439 1373 3452 .
1411 3400 1584 3454 hortis
1619 3431 1715 3465 -,
1763 3397 2110 3468 quamobrem

195 3467 327 3536 (W).
392 3485 487 3537 p.;
521 3483 651 3521 nam
689 3509 701 3520 .
725 3508 737 3522 .
761 3509 772 3521 .
811 3470 982 3523 hortis
1009 3510 1022 3522 .
1050 3487 1099 3538 q.
1138 3470 1199 3523 Β.
