2338 3691
187 136 316 200 232
751 137 825 191 M.
866 136 1111 191 TULLII
1148 136 1527 192 CICERONIS

187 282 517 347 consulem
543 280 815 364 factum,
842 280 930 346 M.
959 279 1278 347 Calidium
1307 282 1388 345 ab
1416 281 1676 366 repulsa
1701 282 2068 367 postulatum
2095 309 2103 346 ι

187 392 226 435 a
271 368 496 434 Galliis
542 369 819 452 duobus3
873 369 942 433 P.
988 369 1394 435 Dolabellam
1438 392 1539 434 xv.
1585 371 1795 436 virum
1835 370 2106 435 facturr.

184 457 329 523 Hoc
374 458 495 522 tibi
536 479 674 523 non
718 458 1003 542 invideo,
1049 459 1330 523 caruisse
1374 462 1440 524 te
1484 458 1914 543 pulcherrimo
1962 480 2104 543 spe-

187 546 437 611 ctaculo
503 550 569 610 et
613 545 875 611 Lentuli
920 544 1139 612 Oruris
1201 547 1444 631 repulsi
1507 548 1758 612 vultum
1821 568 1958 612 non
2012 548 2107 611 vi-

188 634 372 699 disse.
462 633 555 699 At
601 657 728 719 qua
774 657 904 719 spe,
950 657 1144 719 quam
1191 639 1367 700 certa
1412 636 1716 720 opinione
1764 635 2106 700 descende·

189 725 312 787 rat!
379 745 572 807 quam
633 723 776 808 ipso
841 723 1173 788 diffidente
1236 723 1601 789 Dolabella!
1667 728 1733 789 et
1792 724 2109 805 herculeS,

185 812 313 876 nisi
366 812 575 876 nostri
630 813 876 896 equites
932 813 1183 877 acutius
1229 812 1566 896 vidissent,
1618 834 1823 897 paene
1879 833 2106 878 conce·

187 900 378 964 dente
424 901 789 966 adversario
837 903 1218 986 superasset.
1307 900 1478 966 Illud
1531 900 1597 966 te
1642 923 1778 965 non
1825 901 2109 966 arbitros·

186 989 508 1073 miratum,
555 986 918 1073 Servaeum,
964 990 1373 1075 designan
1416 989 1751 1055 tribunum
1792 990 1906 1073 pl.,
1953 1011 2107 1054 con-

188 1077 587 1162 demnatum,
638 1079 712 1143 in
767 1079 947 1144 cuius
1002 1080 1218 1144 locum
1273 1076 1342 1142 G.
1397 1076 1591 1143 Curio
1645 1077 1827 1162 petit.
1933 1075 2107 1142 Sanc

189 1188 381 1251 quam
425 1166 660 1231 incutit
711 1167 957 1251 multis,
1023 1168 1132 1251 qui
1197 1188 1342 1230 eum
1402 1166 1909 1250 facilitatemque
1965 1167 2106 1230 eius

187 1277 323 1319 non
367 1259 627 1339 norunt,
671 1276 981 1341 magnum
1025 1259 1295 1338 metum3
1342 1255 1470 1339 sed,
1514 1258 1591 1319 ut
1627 1276 1813 1339 spero
1851 1258 1917 1319 et
1951 1254 2105 1319 volo

189 1347 255 1408 et
297 1347 372 1409 ut
417 1366 484 1409 se
527 1344 658 1408 fert
701 1344 867 1429 ipse,
918 1344 1126 1409 bonos
1173 1347 1239 1408 et
1284 1346 1580 1408 senatum
1626 1344 1848 1425 malet3
1900 1345 2105 1427 totus,

186 1434 262 1498 ut
303 1454 478 1498 nunc
525 1436 641 1517 est,
682 1432 809 1497 hoc
854 1433 1137 1497 scaturit.
1228 1432 1438 1497 Huius
1486 1434 1700 1496 autem
1745 1431 2105 1496 voluntatis

187 1521 446 1586 initium
499 1524 565 1585 et
627 1542 822 1586 causa
883 1523 1007 1604 est,
1071 1519 1244 1604 quod
1308 1542 1455 1585 eum
1507 1541 1642 1585 non
1696 1518 2109 1584 mediocriter

189 1606 449 1693 Caesar,
514 1610 624 1693 qui
687 1611 852 1675 solet
911 1609 1281 1674 infimorum
1351 1608 1689 1673 hominum
1753 1608 2105 1672 amicitiam

190 1697 313 1783 sibi
359 1697 645 1781 qualibet
687 1698 981 1782 impensa
1027 1698 1411 1783 adiungere,
1455 1696 1641 1761 valde
1688 1696 2110 1781 contempsit13

190 1807 318 1870 qua
360 1786 433 1850 in
484 1807 554 1850 re
607 1785 766 1851 mihi
811 1786 1066 1852 videtur
1109 1786 1269 1851 illud
1314 1807 1626 1871 perquam
1679 1788 1947 1850 venuste
2002 1805 2106 1849 ce-

189 1874 446 1958 cidisse,
501 1874 673 1959 quod
720 1897 760 1939 a
803 1876 1066 1960 reliquis
1114 1897 1368 1959 quoque
1424 1879 1523 1940 est
1568 1875 2109 1958 animadversum,

188 1966 264 2028 ut
308 1960 529 2046 Curio,
584 1963 693 2046 qui
747 1964 910 2028 nihil
964 1964 1235 2029 consilio
1289 1963 1473 2047 facit,
1526 1964 1777 2028 ratione
1832 1966 1897 2027 et
1948 1963 2107 2026 insi-

190 2051 312 2115 diis
366 2072 520 2115 usus
574 2051 898 2117 videretur
941 2053 1012 2116 in
1055 2052 1099 2130 †
1136 2051 1454 2117 evitandis
1507 2051 1587 2116 iis
1634 2051 1943 2135 consiliis,
1989 2052 2107 2135 qui

191 2161 257 2204 se
301 2139 718 2204 intenderant
750 2141 1149 2206 adversarios
1185 2141 1257 2205 in
1293 2141 1429 2205 eius
1468 2140 1896 2205 tribunatum:
1942 2138 2106 2203 Lae-

190 2228 313 2293 lios
368 2231 434 2292 et
486 2227 833 2314 Antonios⁸
867 2233 933 2293 et
984 2229 1051 2293 id
1105 2249 1311 2315 genus
1365 2229 1654 2293 valentes
1713 2228 1873 2293 dico.
1961 2227 2107 2293 Has

113 2377 142 2395 l
191 2337 311 2402 ego
365 2316 488 2381 tibi
548 2316 797 2382 litteras
861 2338 939 2383 eo
992 2318 1234 2382 maiore
1298 2317 1445 2382 misi
1506 2317 1874 2400 intervallo,
1929 2318 2108 2400 quod

192 2405 602 2470 comitiorum
665 2406 1006 2471 dilationes
1071 2406 1546 2490 occupatiorem
1608 2427 1710 2469 me
1773 2368 2110 2469 habebant

191 2498 257 2559 et
302 2498 669 2581 exspectare
714 2495 786 2559 in
831 2495 965 2559 dies
1012 2494 1254 2559 exitum
1292 2495 1629 2579 cogebant,
1673 2497 1748 2557 ut
1792 2493 2109 2558 confectis

192 2583 490 2648 omnibus
534 2586 599 2648 te
645 2583 925 2648 facerem
970 2584 1324 2649 certiorem.
1408 2581 1513 2647 Ad
1559 2581 1886 2648 Kalendas
1933 2579 2109 2647 Sext.

189 2694 391 2756 usque
437 2672 817 2755 exspectavi.
905 2669 1253 2736 Praetoriis
1306 2692 1524 2736 morae
1580 2670 1895 2755 quaedam
1946 2670 2109 2734 inci-

192 2760 440 2825 derunt.
557 2759 705 2824 Mea
767 2782 960 2844 porro
1026 2760 1287 2825 comitia
1355 2781 1544 2844 quem
1607 2763 1909 2823 eventum
1973 2759 2112 2823 sint

189 2849 510 2933 habitura,
555 2848 801 2931 nesci03
856 2849 1228 2932 opinionem
1275 2847 1557 2932 quidem,
1613 2847 1783 2931 quod
1830 2846 1911 2910 ad
1955 2846 2107 2910 Hir-

190 2960 333 3002 rum
371 2939 624 3019 attinet,
659 2936 1100 3001 incredibilem
1136 2936 1441 3001 aedilium
1476 2937 1562 3021 pl.
1600 2935 1876 3000 comitiis
1912 2939 2109 3000 nacta

193 3029 366 3090 sunt:
414 3048 567 3091 nam
593 3024 681 3090 M.
710 3023 1000 3091 Coelium
1037 3024 1454 3090 Vinicianum
1490 3024 1734 3089 mentio
1767 3024 1879 3088 illa
1904 3025 2108 3108 fatua,

331 3197 436 3267 Ep.
475 3205 525 3265 4,
546 3206 595 3252 2.
661 3216 869 3268 quoque
904 3204 980 3254 est
1016 3200 1185 3254 anim.
1225 3198 1335 3267 (W.
1376 3215 1444 3254 ex
1472 3199 1533 3253 B.
1573 3198 1752 3268 conj.).
1762 3216 1874 3324 eva
1916 3197 2109 3269 [usque

192 3282 251 3321 eo
313 3273 390 3321 est
425 3285 515 3321 am.
554 3269 616 3321 B.
664 3299 730 3308 —
776 3273 813 3335 †
841 3270 1113 3326 evitandis
1147 3271 1221 3325 iis
1256 3270 1502 3325 consiliis
1539 3269 1647 3336 (W.
1652 3272 1688 3339 ).
1762 3286 1836 3324 ev.
1875 3270 1949 3324 iis
1983 3285 2107 3323 con-

191 3338 427 3391 siiariis
472 3338 606 3406 (W.)
663 3340 763 3392 aut
807 3355 991 3395 comm
1035 3358 1110 3396 ev.
1161 3341 1407 3396 consiliis
1462 3340 1612 3410 (W.).
1703 3356 1778 3395 ev.
1826 3341 1900 3395 iis
1943 3356 1985 3394 c.
2025 3342 2109 3377 *²¹*

192 3406 495 3543 {Ilion-fif.
548 3409 635 3474 (ut
670 3409 940 3464 exciderit
992 3428 1133 3482 quae
1186 3413 1334 3467 inita
1378 3417 1537 3467 erant
1581 3413 1650 3468 ab
1696 3411 1810 3467 illis
1855 3410 2109 3466 simileve

274 3493 372 3543 qm
436 3516 448 3529 .

2096 3641 2338 3668 ..a-..a--s
