2338 3691
214 122 347 191 456
782 126 856 181 M.
895 125 1144 181 TULLII
1180 124 1561 185 CICERONIS

1053 377 1289 443 XLIV.

375 490 490 545 Ser.
526 490 738 546 Romae
775 505 824 544 a.
863 509 915 544 u.
955 508 1002 545 c.
1042 497 1145 546 699
1185 490 1400 559 (eodem
1436 488 1543 559 die,
1583 507 1693 560 quo
1729 507 1816 561 ep.
1858 491 1966 559 ⁷4).

788 613 1047 671 CICERO
1088 613 1355 669 GALLIO
1397 614 1547 670 SAL.

347 713 495 783 Etsi
539 737 616 781 ex
659 716 790 783 tuis
836 720 902 781 et
947 737 1025 781 ex
1069 714 1142 779 L.
1189 713 1408 799 Oppii,
1451 716 1936 781 familiarissimi
1991 717 2129 795 mei,

213 804 444 871 litteris
491 806 768 890 cognovi
810 808 875 869 te
920 824 1272 869 memorem
1325 805 1903 870 commendationis
1948 827 2129 869 meae

213 892 413 961 fuisse
458 893 650 979 idque
695 916 815 979 pro
859 896 976 959 tua
1021 915 1274 958 summa
1317 913 1474 979 erga
1529 915 1632 958 me
1677 894 2131 959 benevolentia

212 1004 457 1067 proque
502 986 729 1048 nostra
762 981 1235 1047 necessitudine
1275 981 1539 1047 minime
1576 1004 1721 1048 sum
1757 983 2131 1065 admiratus,

212 1074 435 1139 tamen
480 1071 675 1137 etiam
721 1074 912 1156 atque
959 1071 1156 1137 etiam
1209 1070 1330 1135 tibi
1384 1069 1455 1135 L.
1502 1069 1782 1155 Oppium
1826 1092 2126 1156 praesen-

212 1165 349 1224 tem
391 1163 458 1225 et
501 1159 573 1224 L.
618 1159 912 1245 Egnatii,
959 1160 1087 1223 mei
1130 1159 1641 1244 familiarissimi,
1686 1160 1972 1226 absentis
2019 1182 2128 1224 ne-

214 1249 394 1334 gotia
438 1249 832 1314 commendo.
923 1247 1136 1312 Tanta
1181 1247 1340 1312 mihi
1395 1270 1541 1313 cum
1599 1270 1675 1314 eo
1721 1249 2127 1314 necessitudo

214 1342 312 1402 est
355 1337 904 1423 familiaritasque,
949 1339 1040 1420 ut,
1086 1337 1141 1401 si
1186 1357 1331 1401 mea
1374 1358 1477 1401 res
1516 1341 1702 1421 esset,
1747 1360 1883 1403 non
1918 1338 2128 1423 magis

213 1426 605 1510 laborarem3
651 1428 1043 1511 quapropter
1089 1426 1531 1511 gratissimum
1573 1426 1735 1490 mihi
1778 1426 2027 1512 feceriS,
2073 1427 2128 1490 si

214 1516 455 1579 curaris
464 1566 482 1600 ,
548 1518 623 1580 ut
683 1516 741 1580 is
803 1514 1129 1599 intelligat
1191 1536 1293 1578 me
1358 1536 1397 1579 a
1458 1518 1523 1578 te
1585 1517 1841 1579 tantum
1908 1516 2129 1600 amari,

214 1607 527 1687 quantum
588 1604 727 1688 ipse
792 1603 1113 1668 existimo:
1186 1602 1311 1667 hoc
1373 1602 1533 1667 mihi
1596 1604 1845 1688 gratius
1915 1603 2128 1668 facere

212 1692 376 1759 nihil
421 1695 626 1777 poteS,
669 1692 863 1776 idque
906 1696 981 1758 ut
1023 1691 1226 1756 facias
1271 1691 1686 1757 vehementer
1728 1695 1794 1757 te
1840 1713 2020 1778 rogo.

1068 1886 1271 1953 XLV.

769 1999 884 2056 Sor.
922 1998 1133 2055 Romae
1150 2003 1220 2053 ἐ..
1259 2016 1395 2070 u.·c.
1436 2007 1556 2056 699.

531 2120 784 2179 CICERO
821 2122 1184 2179 APPULEIO
1221 2121 1795 2190 PROQUAESTORI.

347 2220 419 2290 L.
463 2221 750 2309 Egnatio
795 2245 928 2290 uno
975 2224 1189 2308 equite
1215 2224 1512 2290 Romano
1564 2221 1711 2312 [vel]
1760 2224 2126 2290 familiaris-

213 2311 371 2379 sime
435 2317 600 2380 utor.
707 2312 873 2378 Eius
931 2310 1321 2378 Anchialum
1395 2334 1648 2378 servum
1716 2313 2128 2399 negotiaque,

213 2422 377 2486 quae
439 2400 638 2467 habet
698 2402 768 2465 in
822 2401 1007 2485 Asia,
1068 2402 1191 2468 tibi
1255 2401 1633 2467 commendo
1687 2423 1825 2467 non
1876 2402 2129 2468 minore

212 2489 446 2573 studio,
492 2512 687 2574 quam
722 2491 779 2555 si
814 2512 1024 2555 meam
1060 2511 1199 2555 rem
1236 2490 1777 2574 commendarem3
1822 2490 1916 2555 sic
1952 2491 2127 2555 enim

213 2579 537 2644 existimes
582 2579 801 2662 velim,
853 2578 1014 2644 mihi
1066 2600 1215 2644 cum
1259 2600 1342 2644 eo
1381 2600 1517 2644 non
1559 2580 1752 2645 modo
1807 2578 2127 2663 quotidia-

211 2688 367 2731 nam
403 2667 932 2733 consuetudinem
969 2689 1289 2732 summam
1323 2668 1733 2751 intercedere,
1779 2667 1890 2732 sed
1927 2668 2127 2732 etiam

214 2755 429 2821 officia
500 2776 741 2841 magna
812 2758 880 2819 et
949 2759 1176 2821 mutua
1244 2759 1472 2822 nostra
1546 2756 1720 2820 inter
1781 2777 1902 2821 nos
1967 2777 2125 2821 esse.

215 2843 646 2920 Quamobrem
690 2844 884 2910 etiam
931 2847 1121 2929 atque
1168 2845 1366 2912 etiam
1409 2867 1449 2909 a
1479 2847 1545 2909 te
1589 2848 1759 2929 peto,
1803 2848 1879 2909 ut
1922 2865 2127 2928 cures,

212 2936 288 2997 ut
340 2932 665 3017 intelligat
725 2954 828 2997 me
884 2933 965 2997 ad
1028 2936 1093 2998 te
1158 2933 1316 2998 satis
1372 2932 1715 3018 diligenter
1768 2933 2126 3017 scripsisse3

212 3041 366 3085 nam
421 3021 498 3086 de
551 3024 668 3086 tua
720 3041 876 3107 erga
928 3043 1030 3086 me
1076 3022 1410 3086 voluntate
1456 3042 1591 3086 non
1635 3021 1999 3087 dubitabat:
2058 3020 2124 3085 id

212 3111 289 3171 ut
331 3108 552 3193 faciaS,
594 3112 660 3173 te
707 3110 902 3175 etiam
947 3113 1139 3194 atque
1186 3110 1382 3174 etiam
1425 3130 1606 3195 rogo.
1694 3109 1877 3175 Vale.

354 3330 459 3399 Ep.
490 3339 574 3388 44.
629 3339 680 3388 te
713 3337 824 3391 veh.
861 3351 992 3407 royo
1029 3336 1197 3404 (W.)?
1270 3336 1372 3407 Ep.
1402 3342 1487 3392 45.
1546 3336 1674 3408 [vel]
1709 3337 1884 3405 fam'l.
1914 3335 2118 3406 (Crat).

215 3399 298 3452 vd
332 3399 375 3464 f.
411 3402 598 3471 vulgo.
637 3436 702 3444 —
739 3423 912 3462 meam
945 3423 1057 3462 rem
1090 3407 1241 3475 (W.).
1314 3425 1359 3461 r.
1396 3424 1464 3462 m.
1504 3408 1691 3478 vulgo.
1729 3438 1802 3448 —
1835 3423 2038 3478 maqna
2071 3410 2121 3461 et

217 3468 389 3522 multa
425 3487 478 3522 n.
520 3471 688 3540 (W.)‘?
727 3505 792 3515 —
830 3483 893 3530 ut
928 3478 979 3531 is
1014 3479 1287 3547 intelligat
1321 3478 1470 3546 (ΝΜ
