2338 3691
898 814 1122 873 mma
1165 815 1464 884 snmus,

351 931 487 1012 AD
540 943 621 1010 A.
677 941 1308 1021 TORQUATUM
1352 942 1478 1009 ΕΤ
1539 940 2007 1052 CETEROS.

1151 1121 1203 1187 I.

780 1241 892 1298 Ser.
940 1242 1150 1297 Romae
1190 1259 1239 1296 a.
1278 1260 1332 1297 u.
1370 1259 1416 1297 c.
1458 1248 1576 1297 709.

612 1383 688 1440 M.
728 1383 985 1440 CICERO
1024 1383 1076 1439 S.
1114 1384 1181 1438 D.
1218 1384 1284 1438 A.
1324 1383 1735 1449 TORQUATO.

149 1501 180 1552 1
349 1491 498 1559 Etsi
543 1515 620 1559 ea
662 1493 1064 1577 perturbatio
1111 1496 1212 1558 est
1250 1493 1541 1559 omnium
1584 1515 1830 1579 rerum,·
1861 1497 1936 1559 ut
1980 1516 2136 1571 suae

218 1605 535 1668 quemque
587 1582 890 1647 fortunae
943 1582 1219 1647 maxime
1273 1582 1604 1666 poeniteat
1661 1604 1977 1667 nemoque
2032 1585 2136 1668 s‘it,

219 1672 377 1755 quin
422 1671 632 1736 ubivis
698 1692 892 1754 quam
955 1672 1074 1756 ibi,
1135 1671 1249 1735 ubi
1295 1672 1406 1755 sit,
1465 1692 1601 1736 esse
1647 1673 1859 1756 malit,
1912 1676 2135 1736 tamen

217 1759 377 1823 mihi
423 1759 689 1823 dubium
733 1780 870 1824 non
914 1763 1029 1844 est,
1075 1760 1233 1845 quin
1275 1760 1402 1824 hoc
1446 1762 1736 1844 tempore
1772 1761 1945 1826 bono
1993 1761 2132 1826 viro

216 1848 462 1913 Romae
509 1870 646 1913 esse
691 1849 1119 1914 miserrimum
1164 1849 1276 1933 sit3
1319 1871 1499 1935 nam,
1545 1850 1686 1937 etsi,
1730 1872 2133 1936 quocumque

217 1937 288 2002 in
333 1937 474 2001 loco
524 1936 792 2022 quisque
847 1941 970 2024 est,
1023 1939 1196 2003 idem
1252 1942 1351 2003 est
1404 1939 1462 2003 ei
1508 1960 1735 2004 sensus
1790 1942 1857 2003 et
1909 1940 2134 2004 eadem

219 2025 534 2090 acerbitas
589 2048 667 2090 ex
718 2027 985 2092 interitu
1048 2049 1265 2092 rerum
1318 2030 1384 2092 et
1427 2028 1833 2129 publicarum
1877 2031 1943 2092 et
1989 2050 2134 2093 sua·

216 2136 380 2199 rum,
422 2116 644 2179 tamen
690 2117 858 2181 oculi
894 2120 1139 2201 augent
1176 2116 1482 2201 dolorem,
1528 2117 1637 2201 qui
1684 2138 1777 2199 ea,
1822 2138 1987 2201 quae
2035 2139 2134 2181 ce·

215 2203 340 2267 teri
386 2204 683 2289 audiunt,
737 2205 998 2270 intueri
1031 2207 1354 2290 coguntur
1406 2226 1526 2269 nec
1580 2209 1866 2269 avertere
1921 2227 1962 2269 a
2016 2206 2134 2269 mi-

218 2291 401 2356 seriis
464 2293 928 2378 cogitationem
992 2294 1244 2359 sinunt.
1309 2315 1532 2377 quare,
1596 2294 1718 2357 etsi
1781 2294 2135 2358 multarum

216 2402 431 2445 rerum
477 2381 790 2447 desiderio
836 2386 901 2447 te
949 2383 1103 2467 angi
1147 2403 1409 2447 necesse
1445 2385 1562 2466 est,
1604 2386 1826 2446 tamen
1859 2382 1974 2447 illo
2023 2382 2134 2448 do-

214 2470 379 2554 lore,
443 2492 569 2554 quo
632 2471 908 2536 maxime
969 2474 1036 2535 te
1091 2470 1321 2536 confici
1385 2471 1603 2555 audio,
1667 2471 1838 2556 quod
1883 2470 2134 2536 Romae

215 2580 353 2623 non
393 2559 500 2644 sie,
536 2560 823 2625 animum
857 2562 1042 2623 tuum
1077 2560 1308 2643 libera3
1354 2559 1476 2624 etsi
1518 2559 1690 2623 enim
1718 2581 1864 2623 cum
1889 2581 2134 2645 magna

216 2648 514 2713 molestia
555 2652 705 2714 tuos
748 2652 989 2733 tuaque
1035 2648 1387 2733 desideras,
1429 2651 1651 2712 tamen
1694 2647 1810 2712 ffla
1854 2648 2134 2733 quidem,

212 2737 976 2909 ἓὲἣέᾱέξεῖἓῗῖἰὶέὲὲῗ
995 2736 2133 2910 „Ztssffifflfflnssnnssmfflussass

216 2914 380 2998 culo,
424 2935 545 2979 nec
592 2914 784 2979 debes
818 2917 911 2997 tu,
957 2936 1156 2998 quum
1193 2914 1271 2979 de
1311 2914 1442 2979 tuis
1480 2913 1748 2999 cogitaS‚
1792 2916 1906 2978 aut
1948 2936 2133 2998 prae-

217 3002 474 3083 cipuam
517 3003 800 3086 aliquam
832 3002 1165 3068 fortunam
1200 3004 1528 3087 postulare
1575 3005 1689 3067 aut
1725 3023 2134 3068 communem

146 3100 178 3150 8
214 3108 530 3153 recusare.
616 3090 718 3155 De
769 3093 835 3155 te
890 3094 1107 3157 autem
1160 3091 1332 3175 ipso,
1387 3090 1739 3175 Torquate,
1793 3094 1893 3156 est
1944 3094 2133 3156 tuum

218 3174 311 3239 sic
365 3176 612 3259 agitare
675 3179 917 3263 animo,
978 3183 1054 3244 ut
1116 3202 1252 3244 non
1305 3179 1612 3244 adhibeas
1664 3180 1736 3243 in
1791 3180 2134 3246 consilium

218 3262 688 3346 cogitationum
750 3268 1008 3331 tuarum
1073 3267 1586 3352 desperationem
1641 3271 1755 3332 aut
1807 3269 2134 3353 timorem3

320 3442 462 3518 Ἐρ.
506 3457 553 3516 1,
584 3456 630 3504 1.
704 3454 803 3506 ubi
836 3456 926 3521 sit,
964 3473 1072 3511 esso
1111 3459 1263 3528 (W.).
1335 3459 1434 3514 ubi
1468 3464 1562 3526 est,
1597 3475 1639 3514 e.
1676 3459 1769 3527 M„
1805 3459 1995 3530 vulgo.
