2338 3691
281 121 411 186 396
818 168 825 169 ff
844 123 920 177 M.
958 121 1207 177 TULLII
1243 119 1623 177 CICERONIS

282 268 579 334 omnibus
635 268 765 332 suis
818 268 1180 332 latronibus
1235 270 1426 350 atque
1481 267 1657 332 omni
1711 266 1985 352 pecunia
2038 288 2192 333 con·

281 358 581 421 scendere
645 377 782 420 esse
845 360 1144 441 paratum
1198 355 1579 440 Italiamque
1650 361 1890 441 petere3
1950 356 2192 423 idcirco

280 447 476 509 etiam
539 466 736 509 naves
802 445 1155 530 onerariaS,
1219 466 1489 529 quarum
1541 446 1754 510 minor
1815 446 1995 510 nulla
2050 449 2197 510 erat

210 544 227 557 ““
281 532 478 599 duum
540 534 789 598 milium
850 534 1232 619 amphorum
1247 584 1265 619 ,
1329 537 1693 600 contractas
1754 536 1827 599 in
1889 534 2088 619 Lycia
2152 557 2193 599 a

210 625 241 672 3
280 624 482 687 classe
529 623 664 687 eius
711 622 1004 689 obsideri.
1102 621 1313 688 Huius
1367 624 1461 688 rei
1503 623 1763 708 timore,
1816 647 1878 708 p.
1925 645 1994 708 c.,
2047 645 2191 708 per·

280 712 443 776 citus
513 712 781 776 iniurias
861 712 1112 797 perpeti
1181 716 1251 776 et
1320 733 1467 777 cum
1541 713 1931 778 contumelia
1995 713 2192 776 etiam

278 805 505 865 nostra
550 801 767 865 omnia
809 802 988 886 prius
1043 801 1316 884 experiri
1370 801 1592 865 malui:
1646 801 1863 885 itaque
1922 801 2005 865 ad
2049 802 2193 866 illo-

279 908 422 953 rum
459 891 858 954 voluntatem
895 890 1300 955 introductus
1335 890 1405 954 in
1442 891 1669 955 urbem
1704 891 1866 955 etin
1894 894 2193 955 senatum

281 1000 500 1043 eorum
546 1000 741 1062 quam
785 979 1273 1064 diligentissime
1317 980 1502 1063 potui
1547 1000 1807 1043 causam
1851 980 1944 1043 rei
1981 980 2193 1064 publi·

280 1088 392 1132 cae
447 1069 553 1154 egi
604 1068 1081 1152 periculumque
1128 1089 1344 1151 omne,
1399 1068 1571 1152 quod
1614 1068 1915 1152 instaret,
1969 1069 2024 1132 si
2081 1068 2194 1132 ille

278 1157 446 1222 latro
493 1178 638 1221 cum
685 1157 816 1221 suis
862 1157 1161 1221 omnibus
1207 1178 1405 1222 naves
1452 1157 1952 1241 conscendisset,
1998 1179 2192 1241 expo-

279 1246 408 1330 sui3
450 1246 740 1310 Rhodios
786 1249 1001 1310 autem
1046 1249 1233 1310 tanta
1277 1246 1348 1310 in
1391 1247 1711 1330 pravitate
1747 1246 2194 1330 animadverti,

277 1337 355 1399 ut
400 1356 623 1400 omnes
667 1335 980 1400 firmiores
1024 1338 1331 1419 putarent
1374 1356 1567 1418 quam
1611 1335 1819 1400 bonos
1828 1386 1846 1420 ,
1900 1339 1974 1401 ut
2017 1335 2192 1399 hanc

279 1424 688 1489 concordiam
733 1426 798 1488 et
842 1423 1384 1508 conspirationem
1430 1424 1718 1489 omnium
1763 1424 2061 1490 ordinum
2108 1425 2192 1488 ad

280 1513 749 1578 defendendam
783 1513 1149 1577 libertatem
1175 1534 1493 1603 propense
1527 1534 1663 1578 non
1691 1514 2024 1578 crederent
2051 1535 2191 1578 esse

277 1601 547 1686 factam,
599 1605 675 1666 ut
726 1602 1106 1686 patientiam
1163 1604 1424 1666 senatus
1479 1605 1546 1666 et
1599 1603 1827 1686 optimi
1886 1603 2192 1686 cuiusque

278 1711 538 1754 manere
584 1691 779 1754 etiam
823 1712 998 1754 nunc
1043 1690 1440 1755 confiderent
1473 1711 1593 1754 nec
1630 1692 1917 1775 potuisse
1954 1691 2192 1755 audere

282 1798 665 1864 quemquam
703 1777 1108 1843 Dolabellam
1153 1779 1406 1844 hostem
1451 1780 1751 1865 iudicare,
1795 1783 1870 1844 ut
1913 1780 2192 1865 denique

281 1869 525 1952 omnia,
578 1889 741 1952 quae
796 1869 1074 1953 improbi
1117 1869 1481 1954 fingebant,
1524 1870 1732 1954 magis
1777 1891 1929 1934 vera
1974 1870 2185 1935 existi-

279 1959 558 2040 marent,
620 1978 815 2043 quam
877 1978 1039 2041 quae
1099 1980 1248 2022 vere
1308 1957 1486 2022 facta
1539 1962 1725 2022 erant
1788 1961 1854 2022 et
1906 1981 1946 2022 a
1998 1959 2191 2024 nobis

212 2051 244 2098 4
282 2043 694 2110 docebantur.
784 2044 925 2121 Qua
986 2050 1203 2112 mente
1267 2047 1461 2111 etiam
1527 2051 1678 2112 ante
1731 2051 2025 2112 nostrum
2081 2048 2190 2111 ad-

267 2135 544 2198 ‘ventum
580 2138 730 2219 post
765 2134 1071 2199 Trebonii
1102 2135 1620 2221 indignissimam
1656 2137 1913 2200 caedem
1951 2141 2192 2201 cetera·

280 2243 402 2305 que
464 2227 567 2288 tot
626 2227 885 2307 tamque
947 2224 1197 2289 nefaria
1257 2224 1549 2290 facinora
1607 2225 1798 2289 binae
1861 2225 2192 2310 profectae

281 2314 466 2376 erant
510 2312 592 2376 ad
636 2312 1041 2378 Dolabellam
1095 2314 1454 2398 legationes
1510 2335 1757 2399 eorum,
1812 2318 1878 2378 et
1930 2314 2193 2397 quidem

278 2420 449 2466 novo
496 2403 806 2486 exemplo,
850 2405 1076 2466 contra
1119 2403 1295 2487 leges
1339 2402 1651 2487 ipsorum,
1695 2403 2194 2487 prohibentibus

278 2488 386 2573 iis,
450 2491 559 2573 qui
621 2494 761 2555 tum
824 2490 1244 2576 magistratus
1307 2492 1636 2575 gerebant.
1741 2492 1784 2571 †
1820 2490 1999 2555 Haec
2055 2492 2194 2557 sive

277 2578 538 2662 timore,
589 2582 666 2643 ut
719 2580 1045 2663 dictitant,
1099 2580 1178 2643 de
1232 2580 1430 2665 agris,
1489 2601 1650 2663 quos
1703 2580 1773 2644 in
1828 2581 2194 2646 continenti

277 2666 540 2751 habent,
586 2668 718 2732 sive
762 2667 999 2751 furore,
1043 2668 1178 2732 sive
1223 2667 1515 2752 potentia
1555 2690 1924 2753 paucorum,
1968 2670 2079 2752 qui
2126 2675 2198 2735 et

280 2759 473 2820 antea
506 2756 648 2840 pari
686 2718 1074 2821 contumelia
1109 2757 1281 2822 viros
1319 2758 1704 2823 clarissimos
1741 2758 2089 2822 affecerant
2128 2763 2197 2823 et

276 2866 453 2909 nunc
497 2844 811 2909 maximos
855 2844 1274 2930 magistratus
1320 2849 1636 2931 gerentes,
1679 2847 1858 2912 nullo
1896 2849 2194 2931 exemplo

277 2954 486 3018 neque
531 2936 758 2998 nostra
803 2955 881 2998 ex
924 2936 1108 3017 parte
1153 2934 1192 2973 *
1231 2955 1438 3018 neque
1483 2938 1708 3000 nostro
1750 2936 2195 3020 praesentium

418 3124 520 3195 Ep.
547 3130 629 3191 15,
657 3132 705 3180 3.
744 3142 805 3208 Ρ.
836 3142 879 3180 c.
909 3125 1043 3195 (ΜΗ)
1107 3130 1300 3195 patres
1317 3127 1610 3196 conscripti
1634 3127 1822 3198 vulgo.
1895 3133 1945 3182 4.
1982 3127 2198 3194 †Haec

370 3198 663 3263 .potentia
710 3196 826 3280 stuic
871 3196 1102 3267 Egnat.·
1148 3199 1429 3269 patientia
1473 3198 1633 3266 M..)
1704 3204 1919 3268 ‚parte
1952 3200 1984 3235 *
2019 3216 2196 3268 neque

280 3263 430 3332 (W)
511 3266 627 3320 Hic
668 3268 781 3322 sive
824 3273 861 3321 t.
910 3267 1083 3337 (Or.)?
1119 3298 1188 3307 —
1227 3265 1523 3336 affecerant
1573 3269 1647 3340 [et
1688 3288 1744 3325 n.
1781 3288 1849 3325 m.
1889 3287 1960 3324 m.
2002 3287 2193 3340 yerem-

278 3333 397 3402 tes],
433 3351 486 3387 n.
525 3335 632 3402 (W.
636 3338 691 3404 )?
738 3368 803 3378 ——
844 3343 1010 3406 parte
1045 3339 1282 3394 lacessiti
1327 3340 1438 3407 (vel
1464 3342 1772 3409 provocata)
1815 3358 1983 3411 neque
2017 3342 2129 3411 (W.
2134 3343 2194 3411 )·?

276 3402 560 3540 ζιιεαὲῗκεῖξε
597 3446 610 3458 .
642 3447 654 3459 .
730 3409 893 3463 ‚sive
936 3410 1257 3480 impotentia
1302 3451 1315 3465 .
1339 3451 1351 3464 .
1374 3417 1669 3481 .9erentes
1717 3413 1871 3467 nullo
1911 3418 2196 3482 ..parte
