2338 3691
778 144 1302 201 EPISTOLARUM
1338 147 1407 200 X.
1447 153 1495 201 6.
1537 153 1585 201 ‘1
2006 147 2134 212 303

220 287 545 390 seiungas,
583 288 810 354 deinde
846 293 913 354 te
952 291 1206 354 senatui
1241 291 1555 375 bonisque
1593 291 1892 356 omnibus
1921 296 2135 358 aucto·

218 397 378 460 rem,
411 377 787 463 principem,
824 378 1049 443 ducem
1084 379 1413 464 praebeas,
1446 383 1779 484 postremo
1802 383 1878 444 ut
1910 401 2135 465 pacem

219 486 362 541 esse
415 465 656 531 iudices
710 488 845 532 non
898 467 969 531 in
1025 468 1220 532 armis
1273 468 1531 553 positis,
1595 469 1706 534 sed
1759 470 1830 533 in
1885 469 2134 535 abiecto

218 575 551 618 armorum
613 559 679 619 et
742 556 1069 621 servitutis
1132 560 1328 622 metu.
1415 556 1596 622 Haec
1651 558 1706 623 si
1760 561 1826 623 et
1870 579 2024 643 ages
2070 562 2136 623 et

219 642 490 726 senties,
542 647 684 708 tum
738 645 863 709 eris
926 666 1061 710 non
1114 644 1307 710 modo
1363 647 1590 710 consul
1643 650 1710 711 et
1763 647 2136 730 consularis,

220 730 336 795 sed
381 752 659 833 magnus
705 733 901 797 etiam
946 734 1172 798 consul
1227 737 1294 798 et
1337 735 1721 818 consularis3
1776 735 1877 799 sin
1931 736 2135 820 aliter,

217 824 363 883 tum
417 820 489 884 in
542 821 685 886 istis
740 822 1153 906 amplissimis
1209 823 1581 888 nominibus
1633 824 1956 888 honorum
2001 845 2136 889 non
2218 901 2222 905 ⁴

219 907 416 973 modo
473 909 757 994 dignitas
811 911 992 975 nulla
1052 912 1199 995 erit,
1264 911 1376 976 sed
1439 912 1562 976 erit
1624 934 1874 977 summa
1927 912 2134 978 defor-

219 996 434 1062 mitas.
522 997 703 1063 Haec
755 999 1070 1084 impulsus
1123 1000 1577 1065 benevolentia
1631 1001 1857 1086 scripsi
1914 1002 2133 1086 paullo

68 1092 101 1129 ’-
221 1086 526 1170 severius,
571 1108 734 1172 quae
778 1091 854 1153 tu
897 1087 969 1152 in
1014 1089 1398 1173 experiendo
1445 1110 1523 1153 ea
1548 1091 1817 1173 ratione,
1862 1111 2024 1174 quae
2069 1093 2135 1153 te

221 1174 425 1260 digna
471 1178 586 1259 est,
630 1197 783 1241 vera
827 1197 966 1241 esse
1010 1198 1383 1262 cognosces.
1466 1177 1546 1242 D.
1592 1193 1745 1240 1111.
1790 1178 1934 1242 Kal.
1980 1177 2136 1263 Apr.

1108 1371 1259 1437 VII.

315 1481 430 1536 Ser.
466 1480 526 1535 in
564 1480 751 1537 Gallia
786 1481 1162 1553 Transalpina
1196 1500 1387 1539 mense
1423 1484 1628 1540 Martio
1664 1500 1715 1539 a.
1753 1501 1808 1538 u.
1845 1500 1890 1538 c.
1933 1488 2052 1537 ⁷11.

717 1662 721 1666 ,
818 1607 1149 1681 PLANCUs
1188 1606 1545 1664 ommzom.

358 1708 555 1773 Plura
598 1709 719 1773 tibi
765 1708 841 1773 de
888 1709 1047 1773 meis
1094 1709 1380 1774 consiliis
1418 1709 1760 1774 scriberem
1794 1708 2136 1772 rationem-

225 1819 349 1882 que
398 1797 687 1863 omnium
731 1819 945 1863 rerum
989 1797 1319 1863 redderem
1364 1798 1715 1883 verbosius,
1760 1818 1887 1881 quo
1929 1796 2138 1883 magis

223 1887 540 1952 iudicares
588 1887 806 1952 omnia
850 1908 952 1951 me
997 1887 1091 1952 rei
1143 1887 1439 1972 publicae
1492 1887 1918 1972 praestitisse,
1973 1907 2138 1971 quae

226 1978 293 2040 et
335 1980 451 2040 tua
496 1975 942 2041 exhortatione
989 1976 1208 2061 excepi
1252 1979 1318 2040 et
1362 1997 1506 2041 mea
1541 1975 1972 2041 affirmatione
2016 1975 2139 2039 tibi

225 2065 438 2150 recepi
466 2101 549 2111 —
579 2086 714 2130 non
758 2065 971 2128 minus
1017 2065 1192 2129 enim
1236 2086 1276 2127 a
1305 2068 1375 2129 te
1412 2065 1673 2149 probari
1718 2086 1911 2149 quam
1957 2063 2140 2148 diligi

227 2175 482 2238 semper
532 2153 738 2232 volui,
801 2174 920 2217 nec
965 2157 1029 2218 te
1093 2152 1303 2238 magis
1356 2153 1429 2218 in
1490 2155 1680 2238 culpa
1734 2153 2138 2218 defensorem

225 2243 388 2307 mihi
433 2243 683 2327 paravi,
737 2264 931 2326 quam
984 2242 1493 2326 praedicatorem
1547 2242 1922 2307 meritorum
1968 2262 2137 2305 meo·

225 2354 370 2396 rum
418 2352 557 2396 esse
601 2331 777 2396 volui
823 2355 935 2414 ——3
981 2331 1093 2396 sed
1137 2331 1495 2396 breviorem
1539 2352 1641 2396 me
1688 2330 1852 2395 duae
1896 2351 1998 2395 res
2042 2329 2137 2393 fa-

227 2420 432 2485 ciunt:
486 2441 643 2504 una,
699 2420 869 2504 quod
923 2419 1198 2504 publicis
1251 2419 1483 2484 litteris
1539 2420 1758 2484 omnia
1812 2441 1954 2484 sum
1996 2440 2138 2503 per-

228 2513 483 2574 secutus
492 2560 509 2593 ,
556 2509 785 2590 altera,
840 2508 1012 2593 quod
1065 2507 1154 2572 M.
1200 2506 1622 2592 Varisidium,
1677 2509 1956 2593 equitem
2010 2507 2137 2571 Ro-

228 2620 519 2681 manum,
576 2597 961 2684 familiarem
1023 2618 1265 2681 meum,
1317 2597 1532 2682 ipsum
1587 2597 1670 2661 ad
1731 2601 1797 2661 te
1860 2596 2137 2661 transire

227 2688 411 2771 iussi,
468 2708 546 2751 ex
591 2708 718 2771 quo
766 2686 985 2750 omnia
1039 2707 1427 2771 cognoscere
1481 2707 1723 2770 posses.
1774 2662 1964 2750 Ἢοιι
2009 2705 2137 2747 me·

228 2775 370 2841 dius
433 2774 624 2839 fidius
687 2775 992 2840 mediocri
1055 2774 1275 2840 dolore
1340 2775 1693 2859 afficiebar,
1766 2781 1963 2858 quum
2028 2772 2138 2836 alii

227 2886 543 2949 occupare
588 2864 1062 2948 possessionem
1108 2863 1319 2928 laudis
1355 2864 1743 2947 viderentur,
1788 2862 1900 2926 sed
1936 2880 2138 2943 usque

226 2953 387 3018 mihi
412 2954 785 3037 temperavi,
821 2953 973 3016 dum
1008 2953 1428 3036 perducerem
1458 2974 1534 3017 eo
1572 2973 1726 3036 rem,
1760 2953 1836 3015 ut
1870 2950 2140 3034 dignum

229 3042 471 3126 aliquid
536 3045 602 3105 et
664 3043 1004 3107 consulatu
1067 3062 1213 3106 meo
1277 3044 1343 3105 et
1394 3044 1608 3106 vestra
1660 3037 2137 3123 exspectatione

229 3130 575 3213 efficerem3
620 3131 792 3215 quod
838 3152 1044 3218 sper0,
1090 3130 1144 3194 si
1188 3151 1292 3194 me
1336 3130 1602 3195 fortuna
1640 3150 1776 3193 non
1819 3127 2138 3210 fefellerit,

228 3241 331 3283 me
378 3223 890 3303 consecuturum,
934 3222 1009 3283 ut
1043 3218 1322 3283 maximo
1357 3218 1677 3303 praesidio
1714 3217 1807 3282 rei
1841 3216 2138 3302 publicae

231 3330 350 3374 nos
394 3308 595 3374 fuisse
642 3311 707 3372 et
741 3329 914 3372 nunc
953 3308 1238 3372 sentiant
1270 3306 1565 3371 homines
1603 3309 1668 3370 et
1701 3306 1772 3370 in
1807 3309 2137 3391 posterum

371 3500 476 3572 Ep.
516 3508 565 3570 6,
595 3508 642 3556 3.
707 3506 981 3572 postremo
1015 3505 1079 3556 ut
1103 3516 1165 3570 Ρ.
1207 3498 1320 3568 (Μ.,
1359 3499 1565 3568 vulgo).
1628 3515 1692 3566 Ρ.
1733 3496 1837 3566 [ut]
1867 3512 1929 3563 Ρ.
1965 3494 2027 3547 Β.
