2338 3691
236 147 309 200 M.
348 145 596 202 TULLII
633 145 1012 202 CICERONIS
1048 136 1579 201 EPISTOLARUM
1612 150 1713 202 etc.
1758 148 1852 203 111.
1895 155 1940 202 1.
2015 146 2145 210 619

238 292 409 355 enim
463 292 619 357 satis
672 291 798 358 loci
860 292 1198 358 videbatur
1250 310 1388 356 esse
1444 293 1701 376 atriolo,
1761 312 1951 375 neque
2009 291 2144 356 fere

239 381 404 445 solet
446 380 573 444 nisi
617 380 688 445 in
731 380 810 445 iis
848 380 1152 445 aedificiis
1188 379 1345 464 fieri,
1387 379 1458 444 in
1496 380 1727 465 quibus
1773 384 1874 444 est
1909 380 2146 446 atrium

238 468 464 552 maius,
499 490 619 533 nec
654 468 891 533 habere
927 472 1186 553 poterat
1212 468 1515 533 adiuncta
1551 468 1845 533 cubicula
1880 472 1946 533 et
1982 469 2143 533 eius-

237 555 414 621 modi
456 556 768 621 membra:
814 578 986 621 nunc
1030 558 1074 636 †
1111 557 1239 623 hoc
1285 557 1384 621 vel
1417 556 1758 622 honestate
1802 556 2145 621 testudinis

238 644 342 708 vel
387 644 571 709 valde
616 644 773 709 boni
819 645 1133 711 aestivum
1167 646 1382 710 locum
1422 644 1765 728 obtinebit3
1808 647 1882 709 tu
1925 648 2146 709 tamen

240 732 295 796 si
350 733 537 797 aliter
599 734 827 818 sentis,
889 733 1166 799 rescribe
1230 754 1426 818 quam
1476 733 1771 818 primum.
1877 731 1958 797 In
2011 732 2145 796 bal-

238 821 477 885 neariis
533 843 679 885 assa
739 822 811 886 in
874 822 1147 887 alterum
1208 821 1566 906 apodyterii
1629 821 1940 907 angulum
2001 841 2145 905 pro·

241 910 439 992 movi,
491 913 834 994 propterea
889 910 1060 994 quod
1112 911 1208 976 ita
1261 912 1449 975 erant
1498 911 1737 994 posita,
1797 912 1874 975 ut
1926 930 2148 974 eorum

241 997 652 1081 vaporarium
705 1002 875 1063 esset
929 998 1288 1064 subiectum
1351 998 1676 1063 cubiculis.
1768 995 2146 1082 Subgrande

242 1086 606 1151 cubiculum
653 1090 869 1151 autem
913 1090 980 1151 et
1013 1087 1358 1151 hibernum
1394 1086 1598 1151 altum
1631 1085 1817 1151 valde
1861 1086 2148 1169 probavi,

243 1174 415 1257 quod
461 1176 529 1239 et
581 1175 796 1259 ampla
849 1179 1035 1239 erant
1087 1178 1154 1240 et
1204 1176 1347 1240 loco
1400 1176 1639 1259 posita,
1692 1173 2148 1239 ambulationis

242 1281 375 1327 uno
421 1262 641 1347 latere,
686 1284 781 1348 eo,
825 1263 996 1348 quod
1042 1266 1143 1328 est
1184 1257 1549 1347 proximum
1592 1262 1954 1328 balneariis.
2027 1258 2148 1326 Oo-

241 1349 498 1415 lumnas
543 1372 751 1434 neque
795 1356 1003 1416 rectas
1048 1372 1257 1435 neque
1303 1373 1338 1416 e
1374 1352 1637 1436 regione
1673 1351 1975 1435 Diphilus
2022 1349 2149 1417 col-

243 1438 514 1503 locarat:
570 1461 679 1505 eas
725 1439 967 1504 scilicet
1021 1440 1425 1522 demolietur3
1478 1439 1824 1523 aliquando
1878 1458 2147 1523 perpen-

244 1526 456 1592 diculo
512 1530 578 1592 et
629 1527 802 1594 linea
862 1529 1064 1594 discet
1126 1528 1241 1593 uti.
1342 1526 1621 1592 Omnino
1677 1549 1863 1613 spero
1926 1524 2149 1610 paucis

244 1615 574 1681 mensibus
622 1638 783 1701 opus
828 1616 1079 1701 Diphili
1129 1616 1488 1700 perfectum
1530 1616 1696 1699 fore3
1752 1617 1934 1680 curat
1978 1614 2151 1678 enim

245 1701 733 1788 diligentissime
779 1702 1063 1788 CaesiuS,
1108 1704 1220 1787 qui
1264 1706 1405 1768 tum
1448 1724 1702 1768 mecum
1743 1703 1887 1767 fuit.

377 1797 473 1857 Ex
526 1814 602 1859 eo
656 1794 799 1860 loco
843 1795 1021 1858 recta
1064 1791 1388 1858 Vitularia
1443 1792 1549 1858 via
1601 1790 1878 1876 profecti
1932 1808 2151 1857 sumus
2187 1772 2221 1880 Ξ

244 1882 316 1945 in
360 1880 768 1947 Fufidianum
811 1882 1084 1947 fundum
1094 1932 1112 1966 ,
1171 1902 1361 1964 quem
1404 1880 1526 1945 tibi
1569 1880 1877 1966 proximis
1921 1878 2153 1945 nundi-

244 1971 350 2034 nis
394 1969 629 2054 Arpini
682 1970 759 2034 de
813 1968 1065 2036 Fufidio
1120 1967 1252 2035 HS.
1297 1984 1720 2036 cccmoomo.
1777 1988 2152 2033 emeramus,

154 2078 169 2089 ·
245 2056 391 2142 Ego
454 2059 669 2124 locum
731 2062 974 2123 aestate
1045 2057 1512 2123 umbrosiorem
1571 2057 1705 2122 vidi
1775 2076 2154 2140 numquam3

244 2147 581 2231 permultis
626 2147 784 2212 locis
822 2167 1057 2230 aquam
1090 2143 1536 2230 profluentem,
1580 2148 1647 2209 et
1690 2165 1832 2209 eam
1867 2144 2152 2208 uberem:

247 2235 402 2319 quid
450 2234 748 2319 quaeris?
810 2234 1036 2320 iugera
1086 2250 1148 2298 ι..
1202 2234 1374 2319 prati
1421 2231 1684 2297 Caesius
1737 2232 2155 2315 irrigaturum

246 2323 436 2387 facile
480 2327 554 2391 ,te
610 2323 1072 2404 arbitrabatur3
1135 2321 1429 2405 equidem
1480 2320 1606 2385 hoc
1613 2370 1631 2404 ,
1695 2319 1867 2403 quod
1928 2317 2155 2383 melius

246 2411 562 2496 intelligo,
609 2411 888 2495 affirmo,
942 2409 1213 2474 mirifica
1258 2410 1574 2474 suavitate
1627 2407 1849 2473 villam
1900 2405 2155 2472 habitu-

247 2521 420 2583 rum,
473 2500 720 2583 piscina
765 2503 832 2564 et
886 2497 1264 2563 salientibus
1320 2496 1584 2580 additis,
1635 2496 1959 2581 palaestra
2001 2496 2045 2574 †
2091 2495 2157 2558 et

249 2588 413 2651 silva
457 2588 784 2653 virdicata.
854 2585 1153 2652 Fundum
1200 2585 1389 2650 audio
1434 2588 1501 2649 te
1535 2584 1710 2649 hunc
1744 2582 2155 2648 Bovillanum

247 2677 414 2741 velle
459 2675 759 2741 retinere:
806 2675 883 2740 de
929 2696 1005 2740 eo
1048 2672 1205 2758 quid
1245 2672 1555 2757 videatur,
1598 2673 1737 2757 ipse
1784 2671 2157 2736 constitues.

246 2765 292 2844 †
338 2761 602 2829 Calibus
656 2764 871 2828 aiebat
922 2783 1093 2847 aqua
1146 2762 1408 2844 dempta
1461 2763 1529 2825 et
1579 2760 1717 2825 eius
1772 2779 1975 2843 aquae
2019 2758 2158 2822 iure

394 2989 496 3060 Ep.
539 2997 586 3058 1,
615 2995 664 3045 2.
738 3007 888 3046 nunc
921 2990 1052 3044 haec
1093 2988 1177 3044 vel
1211 2987 1261 3040 h.
1299 2990 1338 3040 t.
1373 2987 1531 3041 valde
1566 2986 1696 3041 boni
1742 2986 1935 3042 aestivi
1980 2985 2016 3039 l.
2053 2983 2158 3039 obt.

249 3061 441 3132 (Sch.).
513 3065 552 3128 †
577 3078 728 3116 nunc
763 3062 861 3144 7300
895 3061 976 3116 vel
1010 3061 1062 3115 h.
1091 3064 1128 3114 t.
1157 3057 1243 3112 vel
1266 3073 1316 3111 v.
1346 3056 1394 3111 b.
1433 3058 1695 3140 qestivwm
1716 3056 1766 3139 J.
1796 3071 1843 3110 ο.
1870 3053 2060 3110 MRB.
2089 3082 2159 3094 --

247 3131 902 3270 ’ἂῗὲἳοῗὸῗισῑᾞῖἶᾞῖζῖ
968 3146 1026 3256 ’ὃ
1071 3142 1297 3255 ὅῗοῗῡαὸ)
1329 3126 1771 3267 ἷἯζο.Ἥῧέ
1804 3124 2162 3263 issffet-B'sugl

247 3277 420 3331 vitate
454 3276 644 3331 villam
681 3273 814 3341 (M.).
903 3287 946 3326 ε.
983 3276 1034 3326 te
1067 3287 1117 3325 v.
1157 3269 1298 3337 (BL,
1334 3267 1564 3338 vulgo)?
1610 3296 1676 3306 —-
1718 3266 2007 3334 palaestra
2041 3268 2078 3331 †
2114 3268 2166 3318 et

248 3348 396 3402 silva
429 3346 707 3400 virdicata
740 3341 890 3414 (W).
967 3357 1024 3410 p.
1061 3357 1104 3396 8.
1141 3345 1194 3396 et
1226 3337 1500 3395 viridibus
1534 3341 1701 3392 aucta
1735 3333 1943 3404 (Sch.)?
2005 3337 2166 3416 1).σεὺ

248 3434 294 3472 s.
331 3421 370 3482 †
404 3417 681 3472 virdicata
714 3413 778 3468 B.
827 3442 893 3453 —-
938 3415 976 3478 †
1013 3410 1239 3466 Calibus
1276 3407 1480 3478 (MEL,
1521 3413 1548 3461 1
1580 3406 1698 3472 Ox„
1735 3404 1866 3471 W.).
1940 3402 2166 3458 ansms

251 3488 486 3557 (Man.)?
561 3485 762 3541 Calvus
799 3483 969 3550 Orat„
1004 3481 1065 3534 Β.

2199 3566 2253 3594 Δ
