2338 3691
743 120 1265 177 EPISTOLARUM
1302 121 1396 176 IV.
1437 128 1483 177 6.
1525 130 1570 176 ’1.
1985 123 2110 188 105

189 266 391 334 etiam
419 265 839 350 cupiditatem
865 265 1332 350 ostendistique
1370 267 1729 351 sapientem
1766 270 1832 332 et
1866 267 2112 333 bonum

189 355 401 420 civem
443 354 634 419 initia
676 355 830 419 belli
876 355 1080 420 civilis
1125 355 1404 420 invitum
1442 356 1783 442 suscipere,
1827 360 2111 421 extrema

187 444 471 508 libenter
534 465 670 510 non
722 445 1035 528 persequi.
1136 443 1260 519 Qui
1323 465 1460 509 non
1519 444 1691 509 idem
1754 445 2110 530 consilium,

190 532 368 617 quod
414 536 507 617 tu,
553 534 756 598 secuti
802 536 971 618 sunt,
1016 554 1126 598 eos
1173 533 1358 598 video
1404 534 1476 598 in
1521 534 1648 599 duo
1688 554 1926 618 genera
1972 556 2109 600 esse

188 622 566 705 distractos3
622 625 735 686 aut
789 621 961 686 enim
1013 643 1325 686 renovare
1369 622 1612 687 bellum
1666 624 1884 689 conati
1941 626 2111 708 sunt,

188 711 389 794 bique
447 732 515 775 se
568 711 641 775 in
684 710 975 775 Africam
1019 711 1460 795 contulerunt,
1506 715 1644 796 aut,
1699 714 2109 795 quemadmo-

191 800 348 864 dum
412 820 562 884 nos,
616 799 846 864 victori
900 820 1037 863 sese
1093 799 1524 865 crediderunt:
1583 801 1865 866 medium
1911 802 2108 884 quod-

190 888 344 953 dam
391 891 579 954 tuum
625 889 964 953 consilium
1007 887 1159 972 fuit,
1206 890 1315 974 qui
1360 889 1484 954 hoc
1527 889 1802 955 fortasse
1847 890 2109 957 humilis

191 977 399 1042 animi
446 977 726 1062 duceres,
771 977 930 1042 illud
975 978 1343 1061 pertinacis.
1423 977 1661 1044 Fateor
1707 1001 1745 1043 a
1790 980 2111 1063 plerisque

189 1067 298 1131 vel
343 1066 554 1131 dicam
610 1066 691 1131 ab
748 1066 1046 1131 omnibus
1102 1067 1360 1151 sapiens
1416 1071 1601 1133 tuum
1646 1068 2013 1152 consilium,
2074 1091 2114 1133 a

190 1155 420 1220 multis
466 1155 660 1220 etiam
705 1156 928 1241 magni
973 1176 1047 1220 ac
1091 1154 1281 1221 fortis
1329 1156 1529 1221 animi
1571 1157 1953 1240 iudicatum3
2000 1156 2113 1221 sed

189 1244 398 1310 habet
441 1244 567 1309 ista
592 1244 798 1328 ratio,
842 1247 917 1309 ut
961 1244 1120 1309 mihi
1167 1245 1424 1329 quidem
1467 1245 1745 1330 videtur,
1791 1245 2112 1330 quendam

190 1333 489 1417 modum,
533 1332 911 1417 praesertim
957 1355 1154 1417 quum
1199 1334 1364 1399 nihil
1407 1335 1527 1398 tibi
1576 1336 1792 1399 deesse
1839 1334 2112 1412 arbitrer

138 1455 141 1456 ⁷
192 1422 279 1487 ad
323 1425 472 1487 mas
525 1422 825 1488 fortunas
871 1443 1095 1487 omnes
1142 1422 1527 1488 obtinendas
1581 1427 1835 1508 praeter
1886 1424 2111 1487 volun-

192 1514 428 1593 tatem3
490 1511 581 1575 sic
646 1510 819 1578 enim
880 1510 1195 1595 intellexi,
1258 1512 1422 1576 nihil
1478 1511 1652 1577 aliud
1713 1534 1876 1597 esse,
1941 1511 2112 1596 quod

196 1598 671 1664 dubitationem
717 1599 972 1663 afferret
1026 1600 1110 1685 ei,
1162 1621 1362 1685 penes
1419 1623 1609 1685 quem
1663 1604 1763 1665 est
1804 1604 2112 1685 potestaS,

193 1688 326 1752 nisi
372 1688 544 1772 quod
589 1692 933 1771 vereretur,
977 1710 1059 1753 ne
1103 1692 1179 1753 tu
1223 1688 1383 1754 illud
1418 1689 1799 1754 beneficium
1846 1690 2109 1755 omnino

195 1798 334 1841 non
385 1779 676 1862 putares;
741 1777 818 1841 de
882 1799 1008 1862 quo
1074 1778 1229 1862 quid
1285 1778 1585 1863 sentiam,
1649 1778 1812 1842 nihil
1877 1779 2112 1843 attinet

197 1865 427 1950 dicere,
472 1888 671 1950 quum
717 1871 1053 1952 appareat,
1098 1869 1237 1951 ipse
1285 1867 1436 1951 quid
1476 1868 1755 1933 fecerim.
1845 1866 1970 1932 Sed
2014 1872 2108 1932 ta-

194 1975 374 2038 men,
434 1954 489 2019 si
540 1955 674 2018 iam
727 1954 821 2019 ita
866 1956 1310 2021 constituisses
1319 2006 1338 2041 ,
1391 1959 1466 2020 ut
1519 1958 1740 2021 abesse
1798 1960 2109 2041 perpetuo

194 2043 426 2109 malles
469 2065 666 2128 quam
710 2065 812 2127 ea,
859 2066 1022 2128 quae
1066 2045 1275 2110 nolles
1284 2095 1302 2129 ,
1346 2045 1587 2130 videre,
1630 2050 1852 2110 tamen
1895 2044 1963 2109 id
2008 2066 2110 2109 co-

195 2132 406 2217 gitare
468 2131 760 2217 deberes„
822 2133 1206 2219 ubicumque
1261 2155 1431 2199 esses
1440 2184 1458 2219 ,
1518 2138 1584 2201 te
1645 2134 1785 2203 fore
1848 2135 1918 2198 in
1974 2133 2111 2198 eius

194 2221 401 2305 ipsius
411 2271 429 2305 ,
473 2243 665 2305 quem
708 2221 995 2307 fugeres,
1047 2225 1393 2307 potestate:
1452 2223 1561 2306 qui
1616 2223 1671 2287 si
1723 2223 1912 2288 facile
1966 2243 2109 2307 pas-

195 2331 386 2375 surus
417 2312 586 2375 esset
611 2313 676 2374 te
705 2315 1030 2376 carentem
1065 2312 1278 2395 patria
1315 2315 1381 2376 et
1414 2311 1694 2376 fortunis
1730 2312 1860 2376 tuis
1898 2312 2111 2395 quiete

194 2402 262 2463 et
306 2398 508 2464 libere
552 2398 793 2483 vivere,
846 2399 1264 2485 cogitandum
1308 2400 1429 2464 tibi
1481 2404 1699 2465 tamen
1746 2403 1938 2484 esset,
1984 2399 2111 2464 Ro·

193 2508 427 2552 maene
472 2490 540 2551 et
583 2486 758 2553 domi
801 2491 980 2573 tuae,
1026 2488 1408 2554 cuicuimodi
1452 2511 1555 2554 res
1602 2492 1795 2573 esset,
1841 2511 1926 2553 an
1971 2487 2110 2572 My·

192 2575 416 2641 tilenis
462 2579 577 2640 aut
611 2575 828 2642 Rhodi
870 2578 1095 2643 malles
1140 2577 1381 2661 vivere3
1427 2577 1557 2663 sed,
1601 2599 1799 2663 quum
1843 2578 1937 2643 ita
1981 2578 2110 2641 late

192 2667 423 2749 pateat
473 2664 610 2730 eius
664 2670 979 2751 potestas,
1043 2681 1232 2751 quem
1285 2687 1605 2751 veremur,
1667 2669 1743 2731 ut
1793 2670 2111 2730 terrarum

196 2753 425 2818 orbem
488 2754 820 2838 complexa
885 2755 996 2840 sit,
1057 2776 1276 2821 nonne
1348 2756 1554 2820 mavis
1626 2755 1763 2820 sine
1826 2753 2108 2839 periculo

194 2844 348 2907 tuae
394 2841 572 2907 domi
618 2864 756 2908 esse
803 2805 997 2927 quani
1043 2865 1189 2908 cum
1235 2844 1517 2928 periculo
1558 2843 1849 2909 alienae?
1912 2841 2111 2926 Equi-

194 2930 361 3013 dem,
404 2930 661 2997 etiamsi
706 2932 1071 3034 oppetenda
1114 2954 1288 2997 mors
1334 2937 1527 3016 esset,
1582 2931 1756 2997 domi
1802 2931 2111 3015 atquein

193 2981 410 3104 patria
451 3020 712 3087 mallem
758 3043 954 3106 quam
997 3021 1069 3087 in
1113 3013 1393 3086 externis
1431 3025 1623 3105 atque
1662 3020 1888 3085 alienis
1925 3019 2111 3104 locis3

192 3106 317 3175 hoc
361 3107 538 3175 idem
582 3130 822 3194 omnes,
868 3110 978 3195 qui
1023 3112 1087 3174 te
1135 3109 1441 3195 diligunt,
1487 3109 1794 3192 sentiunt,
1838 3131 2111 3195 quorum

193 3200 294 3261 est
326 3217 572 3284 magna
598 3219 716 3282 pro
753 3199 883 3264 tuis
911 3199 1206 3262 maximis
1235 3198 1729 3282 clarissimisque
1764 3197 2110 3263 virtutibus

333 3406 439 3477 Ep.
483 3412 530 3475 7,
561 3411 611 3461 3.
682 3407 830 3476 iique
865 3423 920 3463 se
963 3408 1029 3463 in
1064 3407 1135 3464 A.
1184 3405 1469 3475 (Bened.)?
1568 3410 1619 3460 4.
1682 3405 1775 3460 sed
1819 3408 2024 3466 tamen,
2058 3400 2111 3452 si

196 3476 328 3547 (ΜΗ)
396 3478 497 3534 sed
534 3481 745 3534 tametsi
780 3477 929 3546 Em„
967 3478 1028 3532 B.
