2338 3691
202 128 329 194 116
766 125 835 181 M.
874 121 1127 181 TULLII
1160 117 1549 177 CICERONIS

1017 423 1024 432 .
1062 370 1242 438 XIV.

529 487 647 546 Ser.
684 489 897 545 Romae
937 488 1088 558 (post
1123 487 1189 541 K.
1221 486 1364 555 Oct.)
1402 501 1453 541 a.
1492 504 1546 540 u.
1584 501 1629 540 c.
1671 491 1792 541 708.

615 612 690 668 M.
729 611 988 668 CICERO
1026 610 1080 667 S.
1119 610 1188 667 D.
1226 609 1339 666 CN.
1376 607 1710 665 PLANCIO.

134 734 162 784 1
335 714 537 779 Binas
585 735 624 778 a
665 716 732 777 te
789 712 1006 797 accepi
1058 711 1309 776 litteras
1366 708 1647 795 Corcyra
1699 710 1912 794 dataS,
1967 730 2128 795 qua·

201 827 348 871 rum
412 803 628 868 alteris
691 801 851 867 mihi
914 800 1355 886 gratulabare,
1428 799 1599 884 quod
1663 799 1954 863 audisses
2018 820 2126 864 me

202 915 414 959 meam
466 891 812 977 pristinam
866 890 1252 975 dignitatem
1308 889 1598 954 obtinere
1609 938 1626 972 ,
1680 888 1900 953 alteris
1956 886 2126 952 dice-

203 984 321 1048 bas
375 985 441 1046 te
495 981 685 1065 velle,
739 1000 902 1065 quae
956 979 1262 1065 egissem,
1313 978 1479 1043 bene
1535 980 1601 1043 et
1652 977 1928 1041 feliciter
1981 996 2126 1042 eve-

203 1072 361 1137 nire.
449 1070 596 1156 Ego
643 1072 885 1153 autem,
945 1069 1000 1133 si
1056 1068 1341 1155 dignitas
1397 1070 1497 1132 est
1549 1067 1712 1131 bene
1768 1065 1846 1131 de
1890 1086 1961 1130 re
2006 1088 2125 1152 pu-

205 1161 376 1226 blica
423 1159 660 1225 sentire
714 1161 781 1223 et
824 1157 1012 1223 bonis
1067 1157 1223 1222 viris
1278 1156 1579 1242 probare,
1633 1154 1806 1239 quod
1861 1155 2128 1240 sentias,

207 1251 468 1317 obtineo
515 1246 901 1336 dignitatem
954 1267 1191 1330 meam3
1246 1246 1350 1310 sin
1395 1249 1612 1310 autem
1663 1245 1735 1309 in
1788 1265 1865 1310 eo
1912 1244 2127 1331 digni-

206 1344 310 1405 tas
356 1342 473 1423 est,
519 1338 593 1422 si,
637 1337 810 1423 quod
856 1336 1123 1420 sentias,
1180 1338 1295 1399 aut
1337 1356 1405 1399 re
1452 1334 1704 1399 efficere
1749 1333 1960 1419 possis
2007 1337 2129 1399 aut

208 1428 481 1512 denique
517 1427 722 1492 libera
758 1425 1049 1491 oratione
1087 1423 1447 1508 defendere,
1481 1445 1565 1488 ne
1602 1422 1947 1509 vestigium
1983 1422 2126 1507 qui-

208 1517 353 1582 dem
397 1517 602 1581 ullum
646 1518 746 1580 est
787 1514 1107 1598 reliquum
1150 1513 1340 1578 nobis
1379 1512 1735 1599 dignitatis,
1780 1513 2125 1599 agiturque

207 1606 558 1689 praeclare,
604 1603 661 1668 si
704 1607 961 1668 nosmet
1004 1603 1181 1687 ipsos
1226 1621 1448 1687 regere
1493 1623 1864 1687 possumus,
1908 1605 1982 1665 ut
2027 1601 2125 1685 ea,

209 1716 372 1778 quae
425 1692 661 1777 partim
721 1691 855 1755 iam
908 1694 1161 1776 assunt,
1221 1692 1461 1774 partim
1521 1691 1924 1775 impendent,
1985 1711 2124 1756 mo-

209 1782 426 1847 derate
471 1782 773 1864 feramuS,
819 1779 991 1865 quod
1037 1783 1137 1845 est
1173 1780 1431 1845 difficile
1474 1780 1545 1844 in
1582 1779 1895 1844 eiusmodi
1930 1779 2125 1864 bello,

209 1871 389 1936 cuius
454 1871 661 1936 exitus
726 1891 803 1934 ex
849 1871 1052 1934 altera
1113 1873 1298 1955 parte
1363 1870 1623 1935 caedem
1678 1872 1988 1953 ostentat,
2044 1890 2125 1934 ex

139 1987 171 2035 2
209 1961 412 2026 altera
447 1960 846 2026 servitutem:
894 1980 1020 2043 quo
1056 1959 1127 2023 in
1163 1959 1448 2043 periculo
1484 1959 1785 2024 nonnihil
1829 1979 1931 2023 me
1969 1978 2124 2023 con-

211 2050 474 2133 solatur,
519 2056 716 2133 quum
760 2048 1061 2114 recordor
1103 2048 1265 2113 haec
1305 2068 1409 2113 me
1444 2052 1586 2113 tum
1621 2047 1876 2132 vidisse,
1921 2069 2124 2132 quum

209 2137 521 2203 secundas
577 2139 771 2203 etiam
832 2159 935 2202 res
998 2140 1283 2221 nostras,
1346 2158 1481 2202 non
1542 2137 1735 2202 modo
1801 2136 2124 2220 adversas,

207 2227 737 2313 pertimescebam
772 2227 1211 2310 videbamque,
1257 2228 1501 2310 quanto
1536 2226 1821 2310 periculo
1859 2224 1936 2290 de
1982 2226 2121 2290 iure

207 2316 465 2402 publico
512 2316 976 2400 disceptaretur
1022 2315 1244 2399 armis,
1300 2315 1531 2398 quibus
1587 2314 1644 2379 si
1696 2315 1742 2379 ii
1797 2314 2123 2399 vicissent,

209 2405 291 2470 ad
355 2427 515 2490 quos
579 2424 701 2491 ego
764 2405 941 2489 pacis
998 2426 1137 2488 spe,
1200 2424 1336 2468 non
1398 2404 1550 2467 belli
1605 2403 1955 2489 cupiditate
2010 2404 2122 2468 ad-

209 2494 438 2559 ductus
503 2513 920 2578 accesseram,
981 2496 1203 2557 tamen
1265 2492 1734 2578 intelligebam,
1798 2495 1864 2557 et
1923 2492 2122 2557 irato-

206 2606 350 2648 rum
394 2583 733 2648 hominum
788 2585 854 2646 et
908 2581 1287 2664 cupidorum
1342 2584 1408 2646 et
1458 2581 1877 2647 insolentium
1923 2601 2123 2665 quam

208 2673 481 2738 crudelis
520 2675 689 2737 esset
723 2671 943 2735 futura
979 2670 1265 2753 victoria,
1303 2670 1405 2734 sin
1443 2675 1658 2735 autem
1694 2670 1848 2736 victi
1884 2674 2123 2754 essent,

207 2765 487 2846 quantus
531 2761 832 2825 interitus
888 2762 1058 2824 esset
1099 2758 1357 2824 futurus
1412 2759 1646 2824 civium
1704 2759 1941 2844 partim
1986 2781 2138 2823 ama

206 2851 662 2935 plissimorum,
705 2847 942 2934 partim
978 2848 1177 2912 etiam
1212 2848 1622 2933 optimorum,
1667 2848 1777 2932 qui
1813 2869 1915 2912 me
1958 2848 2124 2913 haec

205 2939 681 3023 praedicentem
727 2940 919 3021 atque
965 2938 1207 3021 optime
1245 2937 1686 3002 consulentem
1725 2937 1919 3002 saluti
1964 2958 2122 3002 suae

206 3028 537 3092 malebant
586 3027 859 3092 nimium
912 3025 1210 3091 timidum
1273 3047 1467 3110 quam
1522 3026 1679 3091 satis
1737 3025 2123 3110 prudentem

135 3137 168 3185 8
208 3116 576 3180 existimari.
668 3115 854 3192 Quod
901 3119 1117 3180 autem
1161 3113 1322 3179 mihi
1368 3114 1444 3180 de
1492 3137 1595 3200 e0,
1641 3115 1815 3200 quod
1860 3115 2123 3201 egerim,

123 3199 129 3205 ’
209 3202 580 3290 gratularis,
641 3207 707 3267 te
769 3205 863 3268 ita
925 3205 1087 3269 velle
1151 3206 1326 3269 certo
1392 3204 1551 3289 sci03
1616 3204 1727 3269 sed
1793 3226 1913 3291 ego
1980 3206 2124 3269 tam

207 3412 458 3553 οψαέἳχέ
501 3417 590 3478 14,
634 3417 680 3465 1.
775 3411 1015 3484 Corcyra
1078 3413 1406 3485 (Mart—L).
1517 3413 1750 3486 Corcyra
1809 3415 1882 3469 M.
1988 3413 2124 3470 Gor-
