2338 3691
697 138 1218 196 EPISTOLARUM
1252 138 1403 194 XIII.
1441 142 1672 196 69-71.
2004 138 2137 203 473

1080 351 1276 420 LXX.

781 464 897 522 Ser.
935 464 1146 520 Romae
1185 483 1234 520 a.
1271 484 1325 520 u.
1364 482 1410 521 c.
1451 471 1569 522 708.

321 587 396 645 Μ.
434 586 697 645 CICERO
725 589 786 644 P.
826 587 1164 644 SERVILIO
1205 587 1587 644 COLLEGAE
1629 588 1778 644 SAL.
1817 589 2025 647 PLUR.

360 688 527 764 Quia
568 710 704 754 non
758 691 860 754 est
903 689 1175 754 obscura
1226 692 1342 752 tua
1393 689 1465 753 in
1517 710 1620 753 me
1674 690 2138 773 benevolentia,

219 777 323 862 fit,
376 780 452 843 ut
502 778 690 842 multi
743 798 860 861 per
910 798 1013 841 me
1076 777 1200 841 tibi
1241 777 1447 841 velint
1500 778 1958 862 commendari3
2015 798 2137 863 ego

222 870 441 931 autem
484 866 699 931 tribuo
745 887 1235 950 nonnumquam
1286 866 1359 929 in
1401 866 1660 951 vulgus,
1706 866 1819 931 sed
1861 867 2135 950 plerum-

224 976 348 1040 que
392 954 786 1037 necessariis,
829 957 905 1018 ut
946 954 1071 1018 hoc
1102 957 1421 1038 tempore3
1466 977 1638 1038 nam,
1682 977 1827 1019 cum
1873 954 1944 1019 T.
1980 953 2136 1019 Am-

220 1044 333 1127 pio
377 1042 584 1108 Balbo
640 1043 801 1106 mihi
856 1063 1107 1106 summa
1150 1043 1556 1108 familiaritas
1609 1044 2138 1128 necessitudoque

223 1135 350 1196 est:
416 1132 551 1196 eius
613 1131 944 1215 libertum,
1007 1131 1079 1196 T.
1142 1130 1452 1215 Ampium
1483 1168 1484 1171 κ
1513 1130 1966 1214 Menandrum,
2023 1132 2135 1196 ho-

224 1219 466 1284 minem
529 1219 701 1304 frugi
764 1223 830 1284 et
890 1219 1284 1303 modestum,
1357 1222 1424 1283 et
1484 1223 1758 1304 patrono
1823 1222 1889 1283 et
1948 1219 2139 1283 nobis

224 1308 635 1372 vehementer
686 1308 1056 1392 probatum,
1107 1309 1232 1372 tibi
1286 1308 1662 1373 commendo
1715 1307 2024 1372 maiorem
2068 1307 2140 1371 in

223 1396 505 1461 modum.
594 1395 1027 1461 Vehementer
1070 1396 1231 1460 mihi
1277 1399 1536 1480 gratum
1577 1396 1824 1479 feceriS,
1869 1397 1954 1479 si,
2001 1396 2137 1480 qui·

222 1485 618 1568 buscumque
662 1485 854 1549 rebus
900 1484 1038 1549 sine
1082 1488 1200 1548 tua
1232 1484 1530 1549 molestia
1563 1484 1825 1569 poteriS,
1870 1484 1931 1548 ei
1968 1505 2137 1549 eom-

221 1573 535 1637 modaris:
584 1572 754 1657 quod
790 1576 865 1637 ut
898 1573 1117 1656 facias,
1160 1577 1228 1637 te
1264 1573 1677 1638 vehementer
1711 1573 1905 1637 etiam
1945 1576 2140 1658 atquc

223 1661 419 1725 etiam
465 1680 644 1745 rogo·

1071 1836 1299 1942 LXXI.

780 1948 896 2005 Sor.
933 1949 1145 2005 Romae
1183 1967 1232 2004 a.
1270 1968 1324 2003 u.
1363 1968 1410 2006 c.
1449 1956 1569 2006 708.

435 2071 510 2128 Μ.
550 2071 810 2128 CICERO
850 2073 904 2128 S.
941 2074 1008 2127 D.
1045 2074 1107 2129 P.
1147 2073 1485 2130 SERVILIO
1523 2070 1924 2129 COLLEGAE.

360 2170 601 2237 Multos
663 2172 786 2237 tibi
839 2174 1280 2239 commendem
1331 2195 1591 2239 neeesse
1645 2177 1769 2251 est,
1833 2173 2138 2257 quoniam

225 2259 525 2324 omnibus
576 2264 737 2326 nota
787 2265 1010 2326 nostra
1061 2263 1466 2327 necessitudo
1531 2264 1630 2326 est
1689 2265 1928 2345 tuaque
1982 2283 2139 2347 erga

223 2368 331 2412 me
385 2348 858 2432 benevolentia3
924 2350 1035 2414 sed
1086 2355 1335 2434 tamen,
1398 2351 1521 2414 etsi
1574 2350 1863 2414 omnium
1926 2371 2137 2433 causa,

225 2457 388 2520 quos
435 2438 839 2521 commendO,
890 2439 1054 2502 velle
1101 2439 1329 2523 debeo,
1380 2443 1602 2503 tamen
1647 2459 1793 2502 cum
1838 2438 2137 2503 omnibus

221 2544 359 2588 non
403 2525 625 2589 eadem
670 2525 831 2590 mihi
886 2548 1079 2591 causa
1132 2531 1248 2591 est.
1338 2526 1409 2591 T.
1464 2525 1749 2610 Agusius
1805 2529 1871 2590 et
1923 2548 2136 2591 comes

220 2633 404 2677 meus
448 2612 574 2678 fuit
616 2614 730 2678 illo
775 2614 1133 2680 miserrimo
1179 2619 1469 2699 tempore
1515 2617 1581 2678 et
1625 2615 1913 2680 omnium
1948 2615 2135 2678 itine-

219 2722 392 2784 rum,
437 2701 952 2787 navigationum,
996 2704 1291 2768 laborum
1307 2754 1320 2781 ‚
1373 2702 1802 2787 periculorum
1846 2722 2135 2767 meorum

222 2788 461 2873 socius,
515 2811 724 2875 neque
778 2790 902 2854 hoc
952 2794 1243 2875 tempore
1291 2791 1689 2856 discessisset
1742 2812 1782 2853 a
1825 2810 1955 2872 me,
2009 2789 2137 2854 nisi

218 2896 344 2961 ego
391 2878 451 2941 ei
494 2878 957 2961 permisissem:
1005 2901 1202 2965 quare
1247 2879 1340 2944 sic
1383 2879 1505 2943 tibi
1548 2901 1696 2943 eum
1741 2878 2137 2961 commende,

217 2969 295 3030 ut
337 2988 540 3030 unum
585 2967 663 3030 de
709 2967 868 3031 meis
916 2967 1281 3042 domesticis
1329 2970 1395 3031 et
1429 2967 1705 3032 maxime
1741 2966 2135 3030 necessariis.

216 3052 604 3138 Pergratum
649 3055 809 3119 mihi
853 3054 1097 3139 feceris,
1143 3056 1201 3120 si
1246 3077 1393 3120 eum
1435 3056 1531 3120 ita
1562 3054 1879 3138 tractariS‚
1922 3057 1998 3118 ut
2038 3054 2136 3118 in-

212 3142 472 3227 telligat
515 3143 684 3207 hanc
729 3143 1351 3209 commendationem
1397 3144 1522 3208 sibi
1566 3163 1805 3227 magno
1849 3142 1998 3206 usui
2041 3145 2136 3207 at-

215 3251 342 3313 que
389 3230 759 3314 adiumento
803 3231 1020 3296 fuisse.

361 3404 464 3474 Ep.
507 3411 588 3460 70.
647 3405 843 3471 benev„
877 3407 956 3472 fit.
986 3405 1136 3474 (Ἦ.)
1212 3404 1280 3470 b„
1307 3405 1484 3470 sic-fit
1511 3404 1604 3469 M„
1623 3402 1812 3472 vulgo.
1850 3431 1921 3440 -—
1956 3405 2134 3453 autem

213 3474 278 3528 id
314 3475 498 3530 tribuo
534 3475 705 3544 (W.)‘?
777 3476 879 3546 Ep.
918 3482 1000 3531 71.
1048 3490 1249 3544 mayno
1284 3475 1416 3528 usui
1443 3473 1602 3540 (Me).
1676 3489 1745 3524 m.
1784 3486 1890 3524 usu
1925 3469 2044 3533 Ml,
2070 3468 2132 3519 B·
