2338 3691
231 63 362 170 64o
800 106 876 160 Μ.
915 105 1163 161 Tuan
1199 104 1580 162 cmmoms

179 272 205 313 ⁶
236 252 492 337 quidem
545 255 714 317 certe
768 251 950 316 nihil.
1042 248 1302 315 Serrani
1356 250 1710 317 Domestici
1771 252 1891 317 filii
1954 253 2139 319 funus

230 342 710 424 perluctuosum
753 340 881 405 fuit
925 362 981 404 a.
1028 339 1087 403 d.
1132 358 1273 405 vm.
1326 339 1471 404 Kal.
1515 339 1876 405 Decembr.:
1931 342 2141 428 lauda-

175 453 204 494 e
232 429 326 494 vit
389 432 572 513 pater
637 429 875 511 scripto
939 450 1103 493 meo.
1202 426 1393 493 Nunc
1459 428 1535 493 de
1598 428 1861 494 Milone.
1961 428 2141 495 Pom-

229 518 412 601 peius
459 517 518 581 ei
554 516 719 581 nihil
753 517 999 600 tribuit,
1045 516 1263 581 omnia
1298 515 1533 581 Guttae
1573 517 1849 602 dicitque
1894 540 1961 583 se
2007 541 2141 603 per-

229 605 567 688 fecturum,
612 609 711 673 ut..
731 605 802 670 in
847 605 1028 671 illum
1075 602 1311 670 Caesar
1354 605 1709 670 incumbat:
1755 606 1884 671 hoc
1926 606 2144 672 horret

227 692 416 776 Milo,
480 715 600 758 nec
662 694 927 776 iniuria,
992 696 1082 776 et,
1148 693 1203 757 si
1264 693 1371 758 ille
1436 694 1714 759 dictator
1775 694 1990 760 factus
2047 696 2143 779 sit,

227 803 433 865 paene
492 781 744 847 diffidit.
834 781 1336 847 Inter-cessorem
1391 782 1744 847 dictaturae
1802 783 1858 847 si
1913 784 2143 848 iuverit

228 890 428 935 manu
492 874 558 935 et
619 871 938 955 praesidio
1005 892 1149 956 suo,
1201 869 1582 955 Pompeium
1642 872 1876 936 metuit
1936 872 2142 937 inimi-

228 979 402 1042 cum3
459 958 514 1022 si
558 980 695 1024 non
737 960 988 1042 iuverit,
1030 959 1245 1042 timet,
1303 981 1386 1023 ne
1431 981 1548 1044 per
1590 960 1721 1024 vim
1764 960 2143 1045 perferatur.

229 1045 446 1112 Ludos
494 1051 767 1132 apparat
810 1047 1508 1133 magnificentissimOS‚
1564 1048 1682 1133 sic,
1734 1049 2029 1133 inquam,
2072 1054 2144 1113 ut

227 1156 418 1201 nemo
466 1136 995 1220 sumptuosiores:
1052 1137 1247 1201 stulte
1302 1136 1400 1201 bis
1455 1140 1678 1221 terque
1732 1158 1869 1203 non
1923 1141 2142 1221 postu·

228 1223 414 1308 latos,
458 1225 560 1289 vel
605 1225 756 1309 quia
792 1246 1026 1290 munus
1067 1225 1482 1310 magnificum
1520 1225 1799 1310 dederat,
1842 1226 1944 1290 vel
1993 1227 2143 1310 quia

227 1312 569 1378 facultates
615 1334 750 1378 non
796 1316 1008 1398 erant,
1061 1314 1165 1378 vel
1211 1313 1362 1397 quia
1413 1317 1716 1398 potuerat
1759 1316 2143 1400 magistrum

228 1422 314 1482 se,
360 1423 492 1467 non
540 1402 811 1466 aedilem
856 1405 1099 1486 putare.
1175 1401 1409 1467 Omnia
1452 1403 1587 1468 fere
1633 1403 1878 1488 scripsi.
1951 1402 2140 1486 Cura,

226 1490 316 1554 mi
362 1490 686 1555 carissime
731 1490 949 1575 frater,
993 1494 1069 1555 ut
1112 1491 1347 1556 valeas.

1124 1719 1241 1788 IX.

508 1840 623 1899 Scr.
660 1840 870 1898 Romae
906 1859 1096 1898 mense
1131 1840 1431 1898 Decembri
1467 1859 1517 1898 a.
1556 1861 1610 1898 u.
1648 1859 1696 1898 c.
1736 1848 1854 1899 700.

439 1982 774 2038 MARCUS
812 1983 1124 2053 QUINTO
1158 1982 1486 2038 FRATRI
1517 1983 1935 2040 SALUTEM.

172 2116 200 2158 1
358 2088 457 2156 De
502 2089 777 2156 Gabinio
823 2092 989 2156 nihil
1033 2092 1160 2157 fuit
1202 2092 1571 2158 faciendum
1621 2093 1922 2177 istorum,
1976 2114 2138 2199 quae

225 2200 266 2243 a
308 2181 375 2245 te
430 2179 868 2245 amantissime
924 2181 1211 2266 cogitata
1265 2181 1434 2246 sunt.
1541 2176 1703 2246 Τότε
1756 2204 1869 2265 μοι
1926 2205 2138 2264 χανοι.

223 2265 376 2333 Feci
421 2290 672 2334 summa
717 2290 862 2333 cum
908 2269 1256 2353 gravitate,
1299 2273 1385 2334 -ut
1430 2289 1653 2335 omnes
1699 2269 2017 2353 sentiunt,
2072 2273 2139 2334 et

224 2378 476 2422 summa
530 2378 676 2421 cum
729 2357 1022 2440 lenitate,
1077 2378 1241 2441 quae
1295 2357 1447 2440 feci3
1501 2357 1684 2421 illum
1737 2379 1945 2442 neque
2005 2358 2140 2422 ursi

222 2466 431 2529 neque
477 2445 710 2510 levavi:
754 2445 939 2510 testis
983 2445 1330 2510 vehemens
1374 2445 1488 2529 fui,
1533 2449 1866 2531 praeterea
1909 2446 2138 2530 quievi.

223 2531 491 2597 Exitum
554 2533 772 2598 iudicii
844 2532 1106 2598 foedum
1179 2537 1245 2599 et
1314 2534 1748 2618 perniciosum
1817 2534 2139 2599 levissime

224 2621 371 2705 tuli3
438 2622 610 2706 quod
666 2622 923 2706 quidem
977 2622 1221 2687 bonum
1274 2622 1434 2686 mihi
1485 2642 1661 2686 nunc
1715 2622 1989 2706 denique
2046 2644 2140 2686 re-

223 2709 497 2793 dundat,
556 2713 630 2774 ut
673 2710 751 2775 iis
799 2710 987 2774 malis
1032 2711 1126 2775 rei
1168 2709 1466 2794 publicae
1511 2710 1896 2795 licentiaque
1945 2711 2139 2776 auda-

224 2798 411 2882 cium,
458 2819 585 2882 qua
627 2802 778 2863 ante
813 2799 1178 2882 rumpebar‚
1222 2819 1398 2863 nunc
1445 2820 1528 2862 ne
1564 2820 1825 2864 movear
1866 2799 2141 2883 quidem,

221 2887 388 2951 nihil
433 2889 532 2950 est
577 2887 749 2951 enim
794 2886 1105 2970 perditius
1150 2886 1256 2951 his
1301 2886 1701 2971 hominibus,
1745 2886 1850 2952 his
1893 2891 2140 2972 tempo-

360 3094 466 3164 Ep.
505 3100 557 3161 8,
587 3101 634 3151 6.
707 3096 931 3162 tribuit,
976 3097 1162 3151 omnia
1207 3096 1356 3164 (W.).
1431 3101 1501 3151 tr.
1539 3101 1591 3150 et
1624 3112 1673 3152 0.
1717 3095 1913 3165 MRI„
1950 3096 2137 3165 vulgo.

221 3194 289 3204 --
327 3166 391 3218 in
426 3167 584 3220 illum
623 3165 680 3220 Ο.
721 3165 844 3233 (L.).
933 3164 1041 3237 [in]
1080 3168 1177 3221 illo
1216 3166 1273 3221 Ο.
1311 3167 1462 3234 Ε1·11.,
1499 3167 1561 3220 Β.
1601 3197 1668 3207 -
1702 3168 2007 3235 postulatos
2035 3170 2086 3234 (c
2105 3168 2139 3233 ).

212 3235 530 3312 postulatus
564 3236 765 3304 MRL,
804 3235 865 3290 B.
912 3266 983 3276 --
1029 3241 1203 3303 erant,
1239 3238 1321 3291 vel
1356 3239 1492 3307 quia
1518 3243 1635 3306 pot.
1676 3237 1864 3305 (Sch.).
1937 3253 2000 3306 e.,
2039 3235 2141 3308 [vel

219 3306 1073 3445 szz.³22z⁹i;.tzri.2².faff·.p02÷
1085 3307 1203 3445 {12
1225 3307 1302 3432 ΕΒ.-
1325 3307 1508 3433 -122
1738 3307 2138 3449 ama:

220 3433 349 3501 BL,
389 3438 576 3507 vulgo.
