2338 3691
206 124 334 189 638
767 123 844 178 Μ.
891 123 1137 178 TULLII
1175 120 1556 178 CICERONIS

151 286 178 327 ²
206 267 332 335 Sed
383 269 543 333 haec
597 289 735 334 non
789 289 1012 333 curare
1065 267 1333 333 decrevi.
1429 267 1706 332 Romam
1765 289 1967 351 quum
2022 289 2119 333 ve-

204 378 390 441 nero,
444 377 607 441 quae
662 377 1074 442 perspexero,
1138 356 1413 421 scribam
1469 356 1551 419 ad
1603 359 1669 420 te
1726 359 1792 420 et
1845 356 2120 420 maxime

205 445 283 510 de
330 446 675 529 dictatura,
730 448 796 509 et
850 445 934 509 ad
978 443 1336 509 Labienum
1382 447 1448 508 et
1500 444 1583 509 ad
1629 443 1968 529 Ligurium
2021 445 2123 508 lit-

202 539 375 599 teras
429 534 616 598 dabo.
715 532 906 598 Hanc
972 534 1200 618 scripsi
1259 535 1409 597 ante
1466 533 1657 598 lucem
1710 533 1791 596 ad
1855 533 2121 617 lychnu-

204 622 396 686 chum
440 622 823 707 ligneolum‚
877 622 988 705 qui
1035 622 1198 686 mihi
1251 624 1390 686 erat
1432 622 1897 705 periucundus,
1951 621 2119 705 quod

204 732 350 774 eum
395 715 460 775 te
507 710 796 795 aiebant,
850 732 1050 794 quum
1096 731 1269 775 esses
1315 708 1517 794 Sami,
1574 730 1828 775 curasse
1883 709 2120 775 facien·

204 799 374 864 dum.
463 797 628 864 Vale
693 798 785 863 mi
831 799 1209 864 suavissime
1255 803 1322 864 et
1366 799 1608 884 optime
1653 798 1873 863 frater.

1074 1026 1256 1093 VIII.

347 1147 462 1204 Scr.
501 1149 712 1204 Romae
747 1151 984 1205 exeunte
1019 1165 1211 1205 mense
1248 1148 1555 1204 Novembri
1588 1164 1640 1204 a.
1677 1167 1731 1205 u.
1770 1165 1818 1204 c.
1857 1155 1977 1205 700.

412 1289 749 1346 MARCUS
786 1289 1099 1361 QUINTO
1133 1288 1462 1345 FRATRI
1492 1289 1905 1345 SALUTEM.

154 1418 179 1460 ι
344 1398 672 1485 Superiori
716 1400 1025 1484 epistolae
1072 1399 1245 1485 quod
1290 1399 1741 1484 respondeam,
1793 1399 1958 1465 nihil
2007 1404 2123 1484 est,

205 1510 369 1574 quae
414 1490 608 1573 plena
653 1489 969 1553 stomachi
1014 1492 1080 1553 et
1116 1489 1520 1572 querelarum
1562 1492 1678 1571 est,
1724 1509 1850 1571 quo
1897 1489 1967 1552 in
2016 1510 2121 1575 ge-

204 1599 357 1642 nere
403 1579 673 1642 alteram
719 1598 972 1662 quoque
1024 1580 1090 1641 te
1150 1576 1375 1641 scribis
1420 1577 1624 1660 pridie
1671 1576 1957 1642 Labieno
2017 1577 2120 1641 de·

207 1666 401 1750 disse,
464 1667 575 1749 qui
628 1665 838 1730 adhuc
892 1687 1028 1731 non
1084 1668 1371 1748 venerat3
1436 1665 1671 1730 delevit
1726 1666 1898 1729 enim
1961 1666 2121 1730 mihi

207 1775 464 1820 omnem
521 1754 883 1820 molestiam
945 1754 1266 1819 recentior
1328 1754 1618 1840 epistola.
1708 1754 1993 1818 Tantum
2054 1757 2120 1818 te

206 1848 272 1909 et
315 1865 548 1908 moneo
595 1847 662 1908 et
702 1865 883 1929 rogo,
927 1847 1001 1908 ut
1042 1843 1114 1908 in
1147 1843 1291 1908 istis
1327 1842 1637 1907 molestiis
1684 1845 1749 1906 et
1787 1842 2119 1908 laboribus

207 1935 272 1996 et
344 1932 672 1996 desideriis
744 1933 1102 2017 recordere,
1175 1932 1514 1997 consilium
1586 1935 1884 1997 nostrum
1948 1932 2120 2016 quod

205 2020 401 2085 fuerit
444 2020 866 2104 profectionis
911 2024 1087 2103 tuae3
1139 2043 1277 2085 non
1330 2020 1502 2084 enim
1549 2021 1883 2086 commoda
1930 2043 2119 2105 quae-

206 2108 355 2173 dam
420 2108 844 2192 sequebamur
905 2130 1105 2193 parva
1169 2130 1244 2174 ac
1299 2109 1669 2195 mediocria,
1732 2109 1885 2194 quid
1947 2111 2121 2174 enim

206 2200 372 2282 erat,
431 2197 602 2282 quod
664 2196 946 2262 discessu
1010 2201 1234 2263 nostro
1298 2198 1639 2262 emendum
1699 2197 2120 2282 putaremus?

205 2286 597 2370 praesidium
656 2285 1093 2351 firmissimum
1163 2286 1541 2371 petebamus
1613 2308 1690 2351 ex
1763 2287 1993 2371 optimi
2057 2290 2122 2350 et

206 2375 637 2460 potentissimi
699 2375 820 2440 viri
883 2375 1336 2439 benevolentia
1409 2375 1491 2438 ad
1555 2396 1812 2440 omnem
1875 2379 2120 2439 statum

207 2466 467 2527 nostrae
513 2463 868 2548 dignitatis,
963 2462 1161 2527 Plura
1221 2466 1554 2547 ponuntur
1605 2464 1676 2527 in
1731 2484 1869 2549 spe,
1927 2484 2123 2548 quam

205 2551 509 2636 petimus:
572 2551 820 2636 reliqua
875 2551 956 2616 ad
1010 2552 1326 2616 iacturam
1379 2555 1798 2617 reserventur.
1890 2549 2124 2637 Quare,

208 2641 263 2705 si
309 2640 531 2705 crebro
576 2640 814 2705 referes
860 2641 1148 2705 animum
1194 2642 1375 2704 tuum
1423 2640 1504 2703 ad
1540 2640 1859 2704 rationem
1905 2643 1973 2704 et
2018 2663 2123 2706 ve-

206 2729 362 2794 teris
425 2728 677 2794 consilii
728 2729 937 2794 nostri
991 2731 1057 2793 et
1110 2728 1273 2813 spei,
1326 2728 1581 2793 facilius
1634 2729 1794 2793 istos
1848 2728 2124 2793 militiae

205 2818 459 2883 labores
506 2820 868 2902 ceteraque,
921 2838 1084 2901 quae
1130 2822 1196 2881 te
1252 2816 1611 2901 offendunt,
1663 2816 1861 2900 feres,
1915 2822 1980 2880 et
2025 2823 2122 2881 ta·

208 2928 375 2991 men,
421 2928 620 2990 quum
664 2907 867 2984 voleS,
923 2906 1234 2990 deponeS,
1292 2904 1402 2969 sed
1450 2906 1585 2978 eius
1638 2905 1731 2969 rei
1777 2905 2121 2970 maturitas

154 3019 180 3058 2
207 2995 570 3079 nequedum
604 2995 786 3058 venit
820 2998 887 3058 et
919 2997 1139 3058 tamen
1174 2995 1306 3058 iam
1343 2994 1833 3078 appropinquat.
1896 2992 2121 3058 Etiam

207 3083 366 3149 illud
410 3087 477 3149 te
523 3082 866 3168 admoneo,
917 3103 999 3147 ne
1046 3083 1202 3166 quid
1246 3082 1394 3148 ullis
1447 3082 1680 3147 litteris
1733 3083 2121 3166 committaS,

347 3324 451 3393 Ep.
488 3332 547 3392 8,
587 3333 635 3380 1.
699 3329 964 3396 petimus.-
1016 3328 1111 3383 rel.
1168 3328 1247 3384 ad
1296 3328 1337 3382 i.
1391 3332 1726 3384 reserventur
1780 3328 1876 3394 (c.‚
1920 3326 2116 3394 Laud,

208 3389 424 3460 Regg.),
496 3395 561 3447 in
594 3399 881 3464 pecuniis;
924 3414 970 3452 r.
1018 3399 1094 3453 ad
1127 3400 1166 3453 i.
1205 3404 1489 3455 struuntur
1531 3397 1646 3452 MR
1659 3398 1700 3452 Ι.
1753 3397 1872 3465 (sed
1917 3413 2116 3468 margo

205 3456 281 3509 M.
320 3462 378 3513 et
412 3462 453 3514 Ι.
490 3471 864 3537 reserventur),
900 3468 1088 3538 vulgo.
