2338 3691
692 158 1212 215 EPISTOLARUM
1248 157 1370 215 XV.
1412 168 1604 218 9-11.
1977 161 2105 227 517

182 305 423 391 telligis
471 327 574 369 me
619 305 961 389 praecipue
1008 305 1209 391 diligi.
1281 304 1495 371 Patris
1540 307 1638 371 tui
1681 306 1993 372 beneficia
2034 307 2106 371 in

181 415 284 458 me
322 397 478 458 sunt
516 394 942 477 amplissima3
986 415 1196 479 neque
1233 395 1404 459 enim
1450 396 1646 460 saluti
1682 417 1860 459 meae
1895 416 2104 479 neque

180 482 418 548 honori
484 482 755 548 amicior
818 482 1159 569 quisquam
1220 483 1343 547 dici
1406 487 1646 568 potest3
1697 484 1900 548 frater
1951 487 2103 549 tuus

181 571 412 655 quanti
458 592 566 634 me
611 570 815 635 faciat
859 592 1235 656 semperque
1279 571 1531 656 fecerit,
1576 593 1714 637 esse
1758 572 2105 657 hominem,

180 660 292 743 qui
336 659 624 745 ignoret,
671 659 950 724 arbitror
995 661 1344 744 neminem3
1399 660 1625 726 domus
1671 663 1786 725 tua
1830 660 2103 745 denique

176 749 320 813 tota
365 770 470 813 me
527 769 778 831 semper
823 748 1123 813 omnibus
1180 749 1446 837 summis
1494 749 1720 814 officiis
1764 747 2105 833 prosecuta

180 840 306 919 est3
359 857 579 921 neque
634 857 785 901 vero
829 838 905 900 tu
948 835 1020 900 in
1073 858 1176 902 me
1230 837 1558 922 diligendo
1612 837 1910 922 cuiquam
1956 859 2104 902 con·

184 924 433 989 cessisti
480 928 771 989 tuorum:
825 946 1022 1008 quare
1078 946 1118 989 a
1168 929 1235 990 te
1280 929 1430 1010 peto
1484 926 1556 990 in
1608 926 1918 991 maiorem
1970 948 2103 990 mo-

186 1013 368 1096 dum,
424 1016 508 1078 ut
557 1034 661 1077 me
715 1034 832 1097 per
875 1017 941 1078 te
988 1035 1184 1098 quam
1239 1014 1718 1079 ornatissimum
1762 1015 1921 1079 velis
1966 1035 2104 1079 esse

187 1122 529 1185 meamque
575 1104 640 1165 et
693 1101 764 1165 in
811 1102 1282 1186 supplicatione
1329 1102 1730 1167 decernenda
1783 1105 1850 1167 et
1890 1103 1962 1166 in
2007 1123 2104 1167 ce·

186 1189 344 1253 teris
388 1189 585 1254 rebus
632 1189 1176 1256 existimationem
1228 1191 1385 1256 satis
1429 1190 1551 1255 tibi
1604 1211 1742 1257 esse
1788 1210 2105 1257 commen-

189 1277 407 1342 datam
459 1281 666 1362 putes·
2133 1297 2136 1300 “

1085 1541 1203 1609 XI.

193 1662 305 1717 Sor.
342 1661 409 1717 in
444 1659 643 1736 Cilicia
685 1678 877 1718 mense
925 1662 1198 1729 Quinctili
1244 1664 1359 1733 (ΙΙΙ.
1396 1663 1543 1720 Non.
1582 1662 1732 1721 Sext.
1776 1665 1869 1721 vel
1912 1665 2108 1736 paullo

857 1737 1011 1805 post)
1049 1751 1100 1789 a.
1135 1753 1192 1789 u.
1231 1751 1275 1789 c.
1317 1742 1435 1790 ⁷04.

415 1874 489 1929 M.
529 1873 790 1930 CICERO
826 1875 972 1931 IMP.
1014 1876 1067 1932 S.
1103 1875 1173 1933 D.
1210 1875 1268 1933 C.
1305 1878 1698 1934 MARCELLO
1736 1878 1884 1936 COS.

326 1982 622 2058 Quantae
668 2005 858 2049 curae
902 1985 1024 2049 tibi
1082 2007 1264 2051 meus
1307 1987 1517 2053 honos
1561 1987 1759 2052 fuerit
1802 1991 1868 2053 et
1912 2010 2104 2073 quam

192 2071 365 2135 idem
430 2071 748 2136 exstiteris
811 2075 1038 2138 consul
1098 2075 1168 2138 in
1231 2097 1335 2139 me
1399 2077 1689 2141 ornando
1754 2078 1823 2141 et
1882 2077 2106 2161 ampli-

192 2158 479 2242 ficand0,
533 2159 644 2243 qui
686 2159 903 2225 fueras
958 2184 1211 2247 semper
1256 2185 1401 2228 cum
1444 2165 1821 2248 parentibus
1865 2165 1996 2229 tuis
2042 2168 2107 2229 et

198 2267 346 2310 cum
390 2249 533 2310 tota
576 2247 795 2333 dom0,
847 2251 970 2314 etsi
1024 2272 1127 2315 res
1182 2252 1326 2335 ipsa
1375 2252 1786 2337 loquebatur,
1831 2254 2108 2337 cognovi

195 2337 421 2399 tamen
465 2356 559 2399 ex·
587 2356 874 2401 meorum
911 2340 1200 2404 omnium
1236 2341 1494 2405 litteris:
1537 2341 1757 2425 itaque
1800 2340 1965 2405 nihil
2010 2344 2110 2405 est

196 2425 474 2507 tantum,
517 2423 690 2508 quod
735 2444 857 2509 ego
900 2448 1037 2492 non
1080 2431 1198 2491 tua
1242 2449 1436 2493 causa
1480 2429 1747 2493 debeam
1790 2429 2106 2494 facturus-

197 2532 321 2595 que
368 2511 489 2575 sim
535 2513 819 2578 studiose
865 2536 941 2578 ac
984 2515 1286 2599 libenter3
1339 2538 1493 2581 nam
1546 2517 1770 2603 magni
1820 2517 2108 2601 interest,

197 2599 303 2663 cui
347 2599 599 2685 debeas,
644 2601 874 2667 debere
921 2607 1137 2668 autem
1181 2606 1426 2669 nemini
1469 2607 1670 2670 malui
1724 2628 1918 2690 quam
1969 2607 2107 2688 tibi,

199 2687 303 2751 cui
347 2709 449 2752 me
504 2710 703 2773 quum
757 2690 973 2755 studia
1025 2694 1419 2778 communia,
1470 2693 1784 2760 beneficia
1835 2696 2109 2778 paterna

197 2778 437 2859 tuaque
498 2777 631 2841 iam
695 2781 848 2844 ante
907 2781 1399 2866 coniunxerant,
1455 2786 1595 2846 tum
1658 2782 1905 2847 accedit
1964 2804 2109 2846 mea

199 2863 456 2947 quidem
493 2868 815 2931 sententia
849 2868 1202 2934 maximum
1236 2871 1582 2955 vinculum,
1627 2870 1798 2954 quod
1842 2869 1936 2934 ita
1971 2891 2109 2935 rem

196 2952 522 3036 publicam
567 2955 739 3038 geris
785 2959 979 3040 atque
1020 2958 1297 3042 gessisti,
1341 2981 1469 3043 qua
1503 2960 1664 3023 mihi
1700 2958 1909 3023 carius
1943 2958 2109 3023 nihil

199 3044 314 3124 est,
356 3045 449 3125 ut,
494 3045 810 3125 quantum
855 3045 976 3109 tibi
1023 3067 1248 3111 omnes
1286 3047 1444 3113 boni
1480 3048 1775 3133 debeant,
1819 3069 1946 3132 quo
1990 3046 2108 3112 mi·

111 3183 115 3187 .
198 3148 322 3193 nus
383 3131 771 3195 tantundem
835 3152 958 3217 ego
1019 3156 1190 3199 unus
1255 3135 1549 3220 debeam,
1609 3157 1746 3200 non
1802 3149 2110 3205 recusem.

200 3214 629 3290 Quamobrem
673 3220 795 3284 tibi
837 3222 1032 3286 velim
1061 3220 1122 3286 11
1168 3223 1301 3288 sint
1354 3224 1588 3308 exitus,
1641 3246 1803 3308 quos
1847 3225 2109 3289 mereris

201 3307 268 3367 et
329 3326 490 3388 quos
552 3306 692 3372 fore
756 3309 1037 3375 confido:
1101 3332 1252 3396 ego,
1316 3313 1372 3376 si
1434 3334 1536 3377 me
1590 3313 1919 3397 navigatio
1973 3333 2110 3376 non

201 3393 576 3478 morabitur,
621 3417 784 3479 quae
830 3398 1202 3464 incurrebat
1241 3400 1313 3465 in
1357 3400 1534 3485 ipsos
1579 3400 1838 3483 etesias,
1880 3419 2105 3485 prope·

200 3480 369 3548 diem
415 3485 500 3569 te,
543 3487 619 3548 ut
664 3506 870 3571 spero,
913 3487 1163 3553 videbo·
