2338 3691
686 117 1205 175 EPISTOLARUM
1240 119 1390 173 XIII.
1432 125 1514 173 ιτ.
1556 126 1637 175 18.
1984 116 2116 184 435

897 349 910 360 ’
1037 402 1283 469 xv111.

719 524 833 581 Scr.
890 525 1101 581 Romae
1155 542 1206 580 a.
1261 543 1317 579 u.
1373 542 1419 580 c.
1478 530 1596 581 708.

789 665 1048 723 CICERO
1088 665 1350 722 SERVIO
1390 666 1540 721 SAL.

338 772 495 842 Non
541 776 916 862 concedam,
958 781 1034 842 ut
1077 777 1301 842 Attico
1346 779 1599 860 nostro,
1645 797 1835 860 quem
1880 777 2120 842 elatum
2160 788 2189 837 1

207 865 456 932 laetitia
500 865 652 951 vidi,
694 865 1100 931 iucundiores
1146 870 1297 929 tuae
1336 864 1708 930 suavissime
1755 866 1836 929 ad
1873 887 2020 930 eum
2057 872 2123 931 et

205 954 671 1019 humanissime
737 956 1012 1040 scriptae
1075 955 1330 1019 litterae
1391 953 1636 1018 fuerint
1666 976 1884 1038 >quam
1936 954 2122 1038 mihi3

209 1065 382 1128 nam,
418 1044 538 1108 etsi
575 1043 829 1127 utrique
865 1047 1161 1109 nostrum
1201 1064 1402 1127 prope
1432 1064 1631 1127 aeque
1668 1047 1893 1129 gratae
1921 1048 2123 1128 erant,

210 1136 429 1197 tamen
475 1137 597 1218 ego
645 1131 1008 1197 admirabar
1051 1133 1260 1217 magis
1305 1136 1388 1216 te,
1434 1132 1562 1216 qui,
1607 1132 1662 1196 si
1696 1136 1965 1218 rogatus
2010 1137 2124 1197 aut

211 1224 382 1285 certe
437 1220 804 1286 admonitus
856 1221 1208 1286 liberaliter
1261 1219 1482 1285 Attico
1541 1221 1982 1305 respondisses
2037 1257 2121 1266 —-

212 1308 385 1394 quod
429 1313 650 1374 tamen
697 1308 962 1375 dubium
998 1309 1208 1394 nobiS,
1253 1309 1412 1394 quin
1454 1309 1548 1373 ita
1583 1308 1876 1374 futurum
1910 1308 2125 1393 fuerit,

211 1419 347 1463 non
395 1402 534 1463 erat
559 1434 664 1482 —‚
707 1398 744 1438 '¹‘
771 1398 827 1483 ⁸⁸,
871 1399 1043 1463 ultro
1089 1397 1174 1462 ad
1220 1420 1367 1463 eum
1412 1397 1738 1482 scripsisse
1785 1397 1968 1481 eique
2005 1418 2125 1462 nec

214 1487 510 1572 opinanti
563 1488 965 1552 voluntatem
1016 1490 1199 1552 tuam
1250 1490 1503 1551 tantam
1556 1508 1671 1571 per
1722 1486 1973 1551 litteras
2020 1485 2123 1550 de-

211 1576 457 1641 tulisse.
545 1574 644 1640 De
699 1597 827 1660 quo
881 1597 1018 1642 non
1072 1574 1265 1640 modo
1320 1596 1549 1661 rogare
1603 1577 1697 1659 te,
1749 1579 1825 1640 ut
1870 1597 1945 1640 eo
1994 1577 2124 1639 stu·

214 1664 456 1729 diosius
492 1685 637 1729 mea
672 1685 925 1748 quoque
964 1686 1158 1729 causa
1192 1664 1413 1748 facias,
1452 1685 1588 1728 non
1616 1662 1817 1728 debeo
1847 1699 1931 1710 -
1960 1663 2124 1728 nihil

216 1753 388 1817 enim
447 1753 832 1817 cumulatius
895 1753 1032 1817 fieri
1093 1756 1337 1838 potest,
1399 1773 1593 1836 quam
1654 1752 1976 1837 polliceris
2023 1789 2126 1836 -‚

215 1841 326 1907 sed
390 1863 473 1907 ne
539 1842 781 1928 gratias
844 1840 1102 1927 quidem
1166 1863 1386 1928 agere,
1448 1840 1618 1926 quod
1675 1844 1749 1907 tu
1804 1845 1870 1906 et
1922 1841 2125 1926 ipsius

215 1952 411 1995 causa
474 1933 541 1995 ct
601 1934 717 1995 tua
776 1935 1005 2016 sponte
1067 1931 1320 1996 feceris:
1392 1930 1552 1995 illud
1615 1934 1836 1996 tamen
1900 1929 2126 2015 dicam,
2162 1940 2196 1991 2

214 2019 376 2083 mihi
421 2018 514 2104 id,
569 2018 741 2104 quod
783 2020 1023 2105 fecisti,
1075 2041 1214 2084 esse
1260 2019 1724 2105 gratissimum3
1776 2020 1905 2083 tale
1954 2021 2126 2084 enim

211 2111 402 2172 tuum
445 2107 752 2173 iudicium
797 2107 876 2173 de
918 2108 1183 2174 homine
1228 2130 1332 2193 eo,
1391 2129 1580 2191 quem
1635 2127 1757 2193 ego
1802 2108 1988 2172 unice
2036 2107 2126 2172 di-

212 2196 379 2281 lige,
430 2217 567 2262 non
608 2200 827 2281 potest
869 2197 1029 2261 mihi
1082 2218 1220 2262 non
1274 2217 1519 2261 summe
1565 2216 1705 2260 esse
1757 2195 2128 2278 iucundum,

219 2285 390 2368 quod
438 2306 635 2371 quum
679 2286 771 2350 ita
818 2286 928 2370 sit,
984 2306 1122 2350 esse
1177 2288 1437 2371 gratum
1490 2304 1750 2349 necesse
1796 2288 1911 2348 est.
2003 2282 2128 2349 Sed

215 2377 464 2459 tamen,
517 2375 823 2458 quoniam
876 2373 1037 2438 mihi
1080 2394 1200 2458 pro
1261 2372 1712 2438 coniunctione
1757 2375 1982 2438 nostra
2025 2373 2129 2437 vel

214 2482 481 2546 peccare
520 2461 690 2546 apud
726 2467 791 2527 te
829 2463 898 2539 in
936 2462 1271 2527 scribendo
1308 2462 1477 2545 licet,
1510 2464 1851 2544 utrumque
1889 2482 2129 2543 eorum,

216 2571 382 2634 quae
427 2552 661 2636 negavi
706 2551 865 2616 mihi
898 2550 1205 2616 faciunda
1241 2571 1399 2634 esse,
1441 2548 1700 2617 faciam:
1746 2571 1900 2614 nam
1945 2553 2012 2614 et
2047 2549 2129 2612 ad

216 2637 314 2722 id,
368 2638 539 2723 quod
594 2639 800 2704 Attici
846 2660 1038 2705 causa
1089 2643 1156 2704 te
1204 2638 1543 2704 ostendisti
1597 2639 1735 2703 esse
1788 2637 2131 2721 facturum,

214 2730 475 2791 tantum
519 2728 712 2793 velim
759 2727 975 2812 addaS‚
1019 2732 1336 2812 quantum
1381 2748 1458 2791 ex
1501 2730 1726 2792 nostro
1764 2745 1982 2791 amore
2029 2745 2128 2789 ac-

215 2816 526 2881 cessionis
572 2816 710 2881 fieri
762 2820 1004 2902 potest,
1063 2819 1154 2900 et,
1210 2814 1381 2900 quod
1425 2814 1618 2880 modo
1664 2807 1956 2897 verebar,
2009 2813 2130 2877 tibi

216 2904 463 2990 gratias
510 2926 719 2990 agere,
763 2927 937 2971 nunc
980 2906 1174 2990 plane
1221 2925 1347 3007 ago
1392 2906 1583 2988 teque
1627 2903 1722 2967 ita
1767 2864 2130 2967 existimare

215 2993 386 3078 volo,
432 2993 936 3078 quibuscumque
983 2992 1213 3059 officiis
1252 2994 1323 3057 in
1358 2990 1707 3076 Epiroticis
1743 2991 2131 3075 reliquisque

214 3081 410 3147 rebus
455 3080 746 3148 Atticum
794 3082 1210 3149 obstrinxeris
1219 3132 1239 3167 ,
1292 3081 1518 3145 iisdem
1563 3102 1666 3145 me
1720 3079 1842 3144 tibi
1888 3078 2131 3164 obliga·

218 3174 359 3235 tum
401 3170 559 3236 fore.

267 3476 271 3479 .
359 3396 462 3525 Dp
506 3404 685 3467 18,1.
756 3413 871 3454 non
914 3402 1135 3453 erat—
1145 3395 1318 3465 ‚**‚
1362 3395 1511 3450 ultro
1566 3392 1675 3461 (W.
1724 3407 1792 3448 ex
1836 3391 1897 3447 B.
1946 3390 2129 3459 conj..)

106 3531 109 3534 ‚
217 3466 417 3525 Excidi
479 3441 635 3526 nob’is
671 3468 1020 3538 satisfecisses
1055 3468 1149 3524 vel
1187 3464 1372 3523 simile
1409 3464 1625 3535 aliquid
1662 3463 1786 3533 (R.)

1600 3553 1709 3604 28*
