2338 3691
714 122 1253 178 EPISTOLARUM
1291 123 1387 177 111.
1426 128 1579 177 3—5.
2030 122 2116 187 65

197 266 556 352 geutissime
592 266 691 332 M.
731 266 1042 334 Octavius
1080 267 1198 334 Cn.
1233 269 1280 333 f.
1318 268 1785 334 demonstravit
1828 289 1930 333 me
1978 290 2016 332 a
2049 271 2116 333 te

205 356 450 440 plurimi
492 356 670 439 fierit,
732 358 906 441 quod
963 361 1224 443 egomet
1274 357 1496 421 multis
1542 357 1941 443 argumentis
1985 356 2119 421 iam

208 449 385 509 antea
411 445 776 509 iudicaram
812 447 1215 530 maximeque
1242 446 1354 511 illo
1382 446 1547 511 libro
1577 445 1889 532 augurali,
1928 468 2120 529 quem

206 534 281 597 ad
333 555 439 598 me
496 535 940 599 amantissime
995 536 1306 618 scriptum
1370 535 1817 599 suavissimum
1868 535 2120 600 misisti.

206 620 348 686 Mea
390 623 468 686 in
510 626 577 687 te
616 624 836 688 omnia
870 645 1156 688 summae
1193 624 1682 688 necessitudinis
1719 624 1933 689 officia
1970 646 2119 690 con·
2156 633 2189 683 2

208 711 503 793 stabuntt,
555 733 712 776 nam
757 734 953 796 quum
996 717 1062 776 te
1106 712 1347 797 ipsum,
1402 734 1480 799 ex
1533 734 1659 797 quo
1704 715 1993 797 tempore
2045 716 2121 777 tu

207 821 305 864 me
352 800 624 886 diligere
681 801 972 885 coepisti,
1028 802 1313 886 quotidie
1370 802 1572 885 pluris
1615 802 1771 886 feci,
1823 807 1963 866 tum
2019 823 2120 867 ac-

209 892 545 954 cesserunt
583 890 778 954 etiam
814 891 1299 955 coniunctiones
1326 891 1832 956 necessariorum
1859 895 2123 956 tuorum

209 1013 293 1023 —
341 977 474 1042 duo
539 978 711 1042 enim
766 979 1036 1043 duarum
1089 982 1376 1044 aetatum
1432 980 1694 1064 plurimi
1745 980 1942 1064 facio,
2005 978 2121 1045 Cn.

209 1063 610 1151 Pompeium,
654 1066 822 1131 filiae
866 1071 1016 1132 tuae
1062 1088 1380 1153 socerum,
1426 1073 1492 1134 et
1535 1068 1621 1133 M.
1666 1067 1941 1134 Brutum
1950 1119 1968 1153 ,
2013 1090 2121 1155 ge-

212 1175 442 1219 nerum
494 1159 681 1220 tuum
724 1192 808 1202 —
856 1157 1235 1242 collegiique
1290 1157 1684 1242 coniunctio,
1745 1159 2124 1242 praesertim

213 1244 350 1307 tam
392 1244 745 1310 honorifice
800 1267 840 1309 a
882 1248 948 1310 te
995 1247 1379 1330 approbata,
1433 1268 1569 1312 non
1621 1247 1940 1312 mediocre
1984 1247 2122 1311 vin-

216 1333 430 1397 culum
475 1333 636 1397 mihi
681 1333 938 1418 quidem
983 1335 1276 1399 attulisse
1321 1335 1576 1400 videtur
1630 1335 1712 1399 ad
1756 1335 2124 1400 voluntates

220 1425 472 1485 nostras
518 1422 929 1508 copulandas
1003 1421 1128 1488 Sed
1175 1426 1257 1509 et,
1302 1425 1358 1488 si
1403 1421 1700 1489 Clodium
1745 1444 2125 1507 convenerO,

225 1528 301 1572 ex
342 1510 510 1575 illius
558 1532 851 1576 sermone
898 1512 979 1576 ad
1023 1515 1090 1577 te
1136 1513 1412 1577 scribam
1455 1513 1644 1597 plura
1689 1516 1754 1577 et
1796 1512 1934 1596 ipse
1976 1534 2125 1596 ope·

226 1616 362 1661 ram
403 1599 567 1665 dabo
611 1602 678 1664 te
723 1603 798 1664 ut
841 1622 1035 1684 quam
1076 1602 1356 1685 primum
1400 1601 1670 1667 videam.
1742 1599 1927 1677 Quod
1974 1600 2124 1665 scri-

232 1682 329 1748 bis
368 1687 483 1752 tibi
525 1689 831 1753 manendi
875 1709 1134 1754 causam
1181 1711 1323 1754 eam
1366 1689 1584 1774 fuisse,
1629 1693 1703 1755 ut
1745 1711 1849 1756 me
1895 1711 2123 1757 conve·

238 1772 411 1861 nires,
452 1776 519 1841 id
565 1777 743 1862 mihi,
789 1798 871 1841 ne
915 1779 1211 1863 mentiar,
1257 1781 1357 1843 est
1400 1782 1675 1865 gratum.

1125 1974 1207 2042 V.

407 2084 515 2141 Scr.
555 2087 839 2142 Trallibus
877 2103 925 2142 a.
965 2087 1017 2141 d.
1055 2085 1150 2142 VI.
1189 2087 1312 2141 Kal.
1353 2087 1501 2143 Sext.
1543 2105 1590 2143 a.
1630 2107 1683 2143 u.
1722 2106 1768 2144 c.
1811 2093 1927 2144 703.

608 2213 693 2266 M.
732 2212 988 2268 CICERO
1028 2212 1081 2267 S.
1118 2213 1186 2267 D.
1225 2213 1334 2267 ΑΡ.
1373 2211 1725 2268 PULCHRO.

358 2309 597 2377 Tralles
634 2312 784 2377 veni
819 2335 874 2377 a.
912 2313 970 2378 d.
1007 2328 1100 2377 vl.
1134 2312 1279 2378 Kal.
1318 2311 1487 2378 Sext.
1553 2312 1655 2377 Ibi
1680 2313 1841 2378 mihi
1867 2317 2125 2399 praesto
2167 2329 2196 2378 1

240 2394 353 2463 fuit
392 2399 461 2465 L.
503 2400 789 2466 Lucilius
836 2422 982 2466 cum
1025 2401 1258 2465 litteris
1301 2401 1749 2486 mandatisque
1794 2404 1951 2488 tuis3
1998 2425 2125 2488 quo

243 2487 476 2568 quidem
517 2489 847 2571 hominem
892 2490 1215 2554 neminem
1269 2491 1539 2574 potuisti
1583 2512 1703 2556 nec
1756 2492 1916 2557 mihi
1971 2492 2126 2556 ami-

244 2574 456 2642 ciorem
497 2600 645 2664 nec,
699 2582 775 2644 ut
828 2579 1129 2663 arbitror,
1187 2579 1268 2643 ad
1315 2601 1391 2645 ea
1444 2581 1917 2666 cognoscenda,
1963 2602 2126 2666 quae

245 2664 384 2729 scire
442 2668 764 2752 volebam,
838 2668 1151 2752 aptiorem
1224 2669 1781 2752 prudentioremve
1845 2670 2127 2751 mittere3

245 2770 348 2836 ego
399 2759 611 2821 autem
667 2760 732 2820 et
783 2760 930 2821 tuas
982 2757 1232 2821 litteras
1286 2757 1417 2843 legi
1470 2757 1747 2822 libenter
1792 2762 1857 2823 et
1911 2757 2128 2822 audivi

246 2836 534 2909 Lucilium
580 2845 940 2931 diligenter.
1011 2844 1221 2929 Nunc,
1268 2846 1574 2929 quoniam
1618 2849 1685 2910 et
1727 2849 1801 2911 tu
1845 2847 1939 2911 ita
1985 2868 2126 2910 sen-

245 2928 314 2994 tis
355 2968 433 2979 —
480 2934 706 2999 scribis
742 2934 941 3014 enim,
988 2956 1150 3017 quae
1198 2934 1276 2998 de
1321 2935 1560 2999 nostris
1600 2933 1827 2999 officiis
1874 2956 1996 3021 ego
2042 2934 2125 3000 ad

242 3019 294 3083 te
360 3023 743 3107 scripserim,
825 3023 945 3087 etsi
1010 3022 1131 3087 tibi
1204 3023 1485 3088 iucunda
1545 3023 1814 3107 fuerint,
1888 3028 2128 3110 tamen,

240 3111 524 3191 quoniam
587 3133 666 3176 ex
720 3112 852 3177 alto
906 3112 1183 3195 repetita
1237 3112 1394 3195 sint,
1456 3133 1592 3177 non
1645 3113 2007 3177 necessaria
2059 3116 2125 3177 te

356 3268 459 3339 Ep.
498 3275 549 3337 4,
580 3275 628 3323 2.
703 3271 890 3324 omnia
925 3286 1162 3324 summae
1197 3286 1309 3324 nee.
1359 3269 1565 3336 (Man).
1658 3284 1704 3322 o.
1752 3285 1963 3322 summa
2009 3283 2123 3321 nec.

230 3336 313 3405 M„
346 3341 532 3411 vulgo.
574 3371 641 3381 —
689 3345 907 3395 tuorum
944 3371 1010 3380 —
1049 3342 1158 3395 duo
1198 3380 1240 3392 ..
1265 3380 1277 3392 .
1317 3345 1472 3392 tuum
1507 3369 1577 3378 —-
1615 3340 1926 3407 eolleyiique
1972 3337 2121 3403 (W.).

231 3412 290 3461 t..·
323 3411 429 3464 duo
591 3416 660 3476 t.;
696 3413 833 3465 conl.
873 3411 932 3465 B.
975 3442 1040 3451 —
1079 3412 1220 3465 dabo
1256 3415 1306 3463 tc
1343 3409 1492 3477 (W.).
1566 3409 1639 3473 d„
1676 3413 1724 3462 te
1759 3408 1945 3475 vulgo.
2018 3404 2121 3470 Ep.

234 3484 277 3546 5,
305 3487 347 3534 1.
419 3483 633 3536 homine
670 3484 933 3536 neminem
972 3482 1143 3549 (W.)?

329 3569 552 3612 Ciceroni·
581 3571 705 3621 epist.
735 3572 773 3612 1.
1086 3629 1091 3632 -
1669 3568 1699 3614 5
2205 3569 2235 3583 ”
