2338 3691
240 137 369 201 136
802 137 879 191 M.
917 134 1167 191 TULLII
1208 133 1589 191 CICERONIS

238 285 497 385 quantis
553 281 856 346 oneribus
908 301 1269 365 premerere
1324 284 1764 365 susceptarum
1817 301 2036 345 rerum
2085 283 2159 344 et

235 372 367 435 iam
411 359 882 454 institutarum3
929 369 1058 454 sed,
1103 369 1257 453 quia
1300 368 1595 434 videbam
1630 366 1844 435 Italici
1886 368 2045 433 belli
2087 373 2155 433 et

238 458 443 524 civilis
495 458 835 523 historiam
894 459 1027 522 iam
1090 480 1131 522 a
1182 461 1249 522 te
1312 478 1517 542 paene
1581 478 1719 522 esse
1779 457 2156 542 perfectam,

239 548 488 612 dixeras
544 551 760 612 autem
820 547 982 612 mihi
1043 550 1109 610 te
1159 546 1458 630 reliquas·
1495 567 1597 611 res
1644 546 1868 631 ordiri,
1933 545 2152 622 deesse

236 636 399 701 mihi
440 636 650 720 nolui,
699 635 858 720 quin
899 638 967 701 te
1014 636 1452 722 admonerem,
1495 639 1571 700 ut
1616 635 1955 720 cogitatae,
2001 655 2151 700 con-

237 726 538 790 iunctene
576 725 800 789 malles
839 746 986 790 cum
1022 724 1288 808 reliquis
1322 724 1513 789 robus
1549 728 1777 789 nostra
1810 726 2151 789 contexere

239 836 342 897 an,
387 817 463 877 ut
505 814 694 878 multi
739 811 967 878 Graeci
1011 813 1323 897 fecerunt,
1367 810 1792 878 Callisthenes
1837 811 2154 877 Phocium

236 902 498 987 bellum,
543 902 844 967 Timaeus
879 901 1129 987 Pyrrhi,
1165 900 1473 986 Polybius
1508 899 2001 984 Numantinum,
2039 901 2153 985 qui

240 1013 463 1060 omnes
509 1013 550 1055 a
584 991 910 1077 perpetuis
949 992 1081 1056 suis
1117 990 1408 1058 historiis
1445 1010 1539 1073 ea,
1583 1011 1747 1074 quae
1786 990 1933 1072 dixi,
1977 989 2156 1054 bella

238 1083 716 1165 separaverunt,
757 1084 833 1145 tu
870 1101 1123 1164 quoque
1158 1079 1316 1144 item
1351 1078 1602 1144 civilem
1638 1078 2155 1144 coniurationem

239 1170 321 1234 ab
373 1168 718 1234 hostilibus
773 1170 1181 1253 externisque
1233 1168 1420 1232 bellis
1475 1169 1862 1254 seiungeres.
1949 1165 2151 1251 Equi-

239 1258 386 1323 dem
430 1258 513 1324 ad
556 1261 848 1323 nostram
900 1258 1159 1322 laudem
1212 1278 1349 1321 non
1391 1258 1667 1321 multum
1721 1256 1906 1321 video
1950 1255 2154 1319 inter-

239 1369 401 1432 esse,
446 1347 557 1412 sed
603 1346 685 1411 ad
728 1347 1250 1432 properationem
1294 1366 1504 1409 meam
1542 1344 1844 1429 quiddam
1878 1345 2156 1409 interest

236 1457 374 1501 non
416 1440 483 1501 te
529 1439 914 1521 exspectare,
958 1435 1111 1499 dum
1154 1434 1240 1498 ad
1282 1434 1496 1499 locum
1531 1434 1891 1518 venias,ac
1815 1433 2153 1498 aestatim

239 1546 500 1590 causam
551 1524 732 1589 illam
783 1527 993 1598 totam
1050 1526 1117 1588 et
1158 1526 1415 1607 tempus
1460 1522 1767 1608 arripere,
1822 1525 1888 1586 et
1940 1522 2154 1605 simul,

239 1613 295 1678 si
338 1635 470 1677 uno
515 1612 587 1677 in
632 1616 1014 1698 argumento
1060 1633 1317 1696 unaque
1371 1611 1442 1674 in
1485 1632 1763 1695 persona
1806 1632 1988 1675 mens
2033 1613 2157 1674 tua

236 1705 380 1766 tota
431 1700 820 1785 versabitur,
884 1722 1075 1766 cerno
1137 1700 1269 1765 iam
1333 1699 1577 1783 animo,
1631 1703 1873 1784 quanto
1930 1699 2150 1763 omnia

238 1788 538 1855 uberiora
583 1792 775 1875 atque
813 1790 1143 1855 ornatiora
1178 1788 1400 1854 futura
1445 1788 1593 1854 sint.
1642 1786 1890 1892 Neque
1926 1791 2149 1853 tamen

236 1880 499 1964 ignoro,
543 1900 738 1963 quam
779 1879 1190 1963 impudenter
1231 1878 1494 1962 faciam,
1548 1878 1661 1962 qui
1701 1877 1983 1963 primum
2024 1877 2153 1942 tibi

238 1970 495 2031 tantum
543 1968 757 2032 oneris
799 1968 1132 2052 imponam
1159 2003 1244 2014 —-
1272 1970 1491 2051 potest
1534 1967 1707 2032 enim
1749 1966 1912 2031 mihi
1955 1967 2149 2031 dene-

238 2068 393 2142 3810
441 2057 777 2140 occupatio
822 2059 951 2121 tua.
983 2093 1096 2137 ——-,
1141 2055 1371 2120 deinde
1415 2055 1629 2140 etiam,
1672 2059 1748 2120 ut
1791 2076 1979 2121 ornes
2023 2076 2155 2138 me,

239 2145 578 2228 postulem.
651 2144 836 2230 Quid,
882 2145 936 2210 si
980 2146 1107 2210 illa
1135 2144 1256 2209 tibi
1301 2165 1437 2210 non
1469 2147 1658 2209 tanto
1696 2164 1888 2229 opere
1928 2144 2153 2210 viden-

237 2237 348 2298 tur
402 2234 736 2299 ornanda?
826 2232 950 2299 Sed
1002 2237 1251 2317 tamen,
1305 2233 1416 2317 qui
1479 2234 1675 2298 semel
1728 2232 2154 2298 verecundiae

237 2322 401 2388 fines
444 2323 801 2408 transierit,
854 2344 1002 2387 eum
1055 2323 1221 2387 bene
1276 2326 1344 2386 et
1393 2322 1647 2389 naviter
1700 2325 1957 2407 oportet
2007 2320 2159 2386 esse

238 2411 694 2496 impudentem.
782 2410 1010 2495 Itaque
1062 2414 1129 2475 te
1181 2411 1375 2495 piane
1437 2407 1633 2476 etiam
1695 2414 1889 2495 atque
1950 2410 2157 2474 etiam

239 2521 420 2587 rog0,
463 2504 540 2565 ut
583 2504 650 2565 et
694 2521 884 2566 ornes
922 2522 999 2565 ea
1033 2499 1477 2565 vehementius
1521 2499 1734 2583 etiam,
1779 2521 1974 2583 quam
2014 2499 2156 2565 for-

237 2592 411 2654 tasse
458 2591 686 2674 sentis,
740 2592 808 2654 et
848 2589 920 2653 in
964 2609 1041 2653 eo
1086 2588 1264 2674 leges
1308 2588 1618 2653 historiae
1662 2588 1957 2674 negligas
2002 2608 2158 2673 gra-

238 2678 524 2763 tiamque
567 2641 773 2761 illa'm,
828 2677 905 2742 de
951 2698 1080 2761 qua
1134 2677 1509 2741 suavissime
1554 2676 1835 2779 quodam
1886 2677 1958 2741 in
2001 2698 2158 2761 pro-

241 2768 450 2833 oemio
498 2766 829 2852 scripsisti,
872 2788 912 2830 a
957 2787 1085 2850 qua
1128 2768 1194 2829 te
1229 2765 1402 2830 flecti
1446 2787 1582 2831 non
1613 2765 1826 2851 magis
1861 2765 2159 2851 potuisse

241 2856 643 2921 demonstras
689 2877 884 2939 quam
926 2853 1273 2919 Herculem
1303 2853 1835 2938 Xenophontium
1879 2855 2067 2919 illum
2113 2877 2158 2919 a

239 2943 623 3028 Voluptate,
678 2964 847 3027 eam,
902 2942 958 3007 si
1010 2964 1113 3007 me
1157 2942 1280 3007 tibi
1332 2943 1774 3008 vehementius
1829 2963 2153 3008 commen-

243 3030 439 3115 dabit,
455 3053 538 3096 ne
566 3052 906 3116 aspernere
934 3032 1265 3116 amorique
1292 3035 1516 3097 nostro
1545 3032 1908 3117 plusculum
1935 3033 2162 3118 etiam,

243 3139 437 3201 quam
483 3121 790 3185 concedet
830 3121 1085 3204 veritas,
1129 3119 1425 3206 largiare.
1510 3119 1697 3197 Quod
1743 3121 1797 3185 si
1841 3124 1906 3184 te
1951 3121 2160 3186 addu-

244 3209 615 3289 00111118,111
664 3207 790 3272 1100
843 3209 1181 3294 suscipias,
1235 3209 1384 3294 erit,
1436 3212 1512 3273 ut
1563 3209 1725 3274 mihi
1777 3209 2161 3296 persuadeo,

381 3411 485 3482 Ep.
528 3417 610 3478 12,
638 3417 688 3466 2.
764 3414 1030 3471 Phacium
1067 3418 1219 3487 (Wn)
1310 3417 1569 3475 Troicum
1602 3420 1706 3488 M„
1740 3420 1931 3491 vulgo.
2008 3420 2160 3476 Pho-

241 3482 416 3537 cicwm
451 3480 856 3538 Westermann.
894 3486 1053 3541 coni..
1090 3487 1151 3541 B.
