<?xml version="1.0" encoding="UTF-8"?>
<!DOCTYPE html PUBLIC "-//W3C//DTD XHTML 1.0 Transitional//EN"
    "http://www.w3.org/TR/xhtml1/DTD/xhtml1-transitional.dtd">
<html xmlns="http://www.w3.org/1999/xhtml" xml:lang="en" lang="en">
 <head>
  <title>
</title>
<meta http-equiv="Content-Type" content="text/html;charset=utf-8" />
  <meta name='ocr-system' content='tesseract 3.04.00' />
  <meta name='ocr-capabilities' content='ocr_page ocr_carea ocr_par ocr_line ocrx_word'/>
</head>
<body>
  <div class='ocr_page' id='page_1' title='image "./scriptaquaemans02wesegoog_0340.png"; bbox 0 0 2338 3691; ppageno 0'>
   <div class='ocr_carea' id='block_1_1' title="bbox 185 133 1528 200">
    <p class='ocr_par' dir='ltr' id='par_1_1' title="bbox 185 133 1528 200">
     <span class='ocr_line' id='line_1_1' title="bbox 185 133 1528 200; baseline -0.007 0"><span class='ocrx_word' id='word_1_1' title='bbox 185 135 315 200; x_wconf 82' lang='grc'>324</span> <span class='ocrx_word' id='word_1_2' title='bbox 748 135 822 189; x_wconf 84' lang='grc' dir='ltr'>Μ.</span> <span class='ocrx_word' id='word_1_3' title='bbox 862 133 1108 189; x_wconf 86' lang='lat' dir='ltr'>TULLII</span> <span class='ocrx_word' id='word_1_4' title='bbox 1145 133 1528 191; x_wconf 85' lang='lat' dir='ltr'>CICERONIS</span> 
     </span>
    </p>
   </div>
   <div class='ocr_carea' id='block_1_2' title="bbox 115 279 2103 1255">
    <p class='ocr_par' dir='ltr' id='par_1_2' title="bbox 115 279 2103 1255">
     <span class='ocr_line' id='line_1_2' title="bbox 184 279 2103 365; baseline 0.001 -20"><span class='ocrx_word' id='word_1_5' title='bbox 184 281 434 346; x_wconf 81' lang='lat' dir='ltr'>viderer</span> <span class='ocrx_word' id='word_1_6' title='bbox 488 283 556 345; x_wconf 93' lang='lat' dir='ltr'>et</span> <span class='ocrx_word' id='word_1_7' title='bbox 606 279 878 344; x_wconf 91' lang='lat' dir='ltr'>nimium</span> <span class='ocrx_word' id='word_1_8' title='bbox 930 279 1347 364; x_wconf 72' lang='lat' dir='ltr'>pertinaciter</span> <span class='ocrx_word' id='word_1_9' title='bbox 1399 279 1646 365; x_wconf 89' lang='lat' dir='ltr'>Lepido</span> <span class='ocrx_word' id='word_1_10' title='bbox 1699 280 1979 346; x_wconf 84' lang='lat' dir='ltr'>offensus</span> <span class='ocrx_word' id='word_1_11' title='bbox 2036 285 2103 347; x_wconf 91' lang='lat' dir='ltr'>et</span> 
     </span>
     <span class='ocr_line' id='line_1_3' title="bbox 115 368 2101 454; baseline 0.001 -21"><span class='ocrx_word' id='word_1_12' title='bbox 115 384 148 433; x_wconf 79' lang='lat'><strong>2</strong></span> <span class='ocrx_word' id='word_1_13' title='bbox 185 392 328 436; x_wconf 89' lang='lat' dir='ltr'>mea</span> <span class='ocrx_word' id='word_1_14' title='bbox 381 369 697 454; x_wconf 89' lang='lat' dir='ltr'>patientia</span> <span class='ocrx_word' id='word_1_15' title='bbox 750 368 947 433; x_wconf 90' lang='lat' dir='ltr'>etiam</span> <span class='ocrx_word' id='word_1_16' title='bbox 1000 368 1171 434; x_wconf 86' lang='lat' dir='ltr'>alere</span> <span class='ocrx_word' id='word_1_17' title='bbox 1234 368 1492 433; x_wconf 88' lang='lat' dir='ltr'>bellum.</span> <span class='ocrx_word' id='word_1_18' title='bbox 1591 369 1818 454; x_wconf 88' lang='lat' dir='ltr'>Itaque</span> <span class='ocrx_word' id='word_1_19' title='bbox 1882 371 2101 454; x_wconf 86' lang='lat' dir='ltr'>copias</span> 
     </span>
     <span class='ocr_line' id='line_1_4' title="bbox 183 456 2101 544; baseline 0.001 -21"><span class='ocrx_word' id='word_1_20' title='bbox 183 479 384 544; x_wconf 85' lang='lat' dir='ltr'>prope</span> <span class='ocrx_word' id='word_1_21' title='bbox 457 458 527 522; x_wconf 89' lang='lat' dir='ltr'>in</span> <span class='ocrx_word' id='word_1_22' title='bbox 600 460 1017 542; x_wconf 88' lang='lat' dir='ltr'>conspectum</span> <span class='ocrx_word' id='word_1_23' title='bbox 1093 457 1321 542; x_wconf 86' lang='lat' dir='ltr'>Lepidi</span> <span class='ocrx_word' id='word_1_24' title='bbox 1392 456 1793 543; x_wconf 89' lang='lat' dir='ltr'>Antoniique</span> <span class='ocrx_word' id='word_1_25' title='bbox 1865 459 2101 524; x_wconf 80' lang='lat' dir='ltr'>adduxi</span> 
     </span>
     <span class='ocr_line' id='line_1_5' title="bbox 185 544 2102 633; baseline 0 -21"><span class='ocrx_word' id='word_1_26' title='bbox 185 547 740 633; x_wconf 76' lang='lat' dir='ltr'>quadragintaque</span> <span class='ocrx_word' id='word_1_27' title='bbox 786 545 1035 612; x_wconf 91' lang='lat' dir='ltr'>milium</span> <span class='ocrx_word' id='word_1_28' title='bbox 1077 568 1387 631; x_wconf 84' lang='lat' dir='ltr'>passuum</span> <span class='ocrx_word' id='word_1_29' title='bbox 1432 548 1642 633; x_wconf 87' lang='lat' dir='ltr'>spatio</span> <span class='ocrx_word' id='word_1_30' title='bbox 1679 544 1902 614; x_wconf 82' lang='lat' dir='ltr'>relicto</span> <span class='ocrx_word' id='word_1_31' title='bbox 1950 569 2102 615; x_wconf 88' lang='lat' dir='ltr'>con-</span> 
     </span>
     <span class='ocr_line' id='line_1_6' title="bbox 186 635 2099 719; baseline 0.001 -18"><span class='ocrx_word' id='word_1_32' title='bbox 186 637 322 701; x_wconf 88' lang='lat' dir='ltr'>sedi</span> <span class='ocrx_word' id='word_1_33' title='bbox 368 657 443 702; x_wconf 91' lang='lat' dir='ltr'>eo</span> <span class='ocrx_word' id='word_1_34' title='bbox 490 635 761 701; x_wconf 89' lang='lat' dir='ltr'>consilio</span> <span class='ocrx_word' id='word_1_35' title='bbox 775 685 794 719; x_wconf 91' lang='lat'>,</span> <span class='ocrx_word' id='word_1_36' title='bbox 839 639 914 700; x_wconf 91' lang='lat' dir='ltr'>ut</span> <span class='ocrx_word' id='word_1_37' title='bbox 956 636 1060 700; x_wconf 85' lang='lat' dir='ltr'>vel</span> <span class='ocrx_word' id='word_1_38' title='bbox 1104 637 1396 702; x_wconf 84' lang='lat' dir='ltr'>celeriter</span> <span class='ocrx_word' id='word_1_39' title='bbox 1441 636 1740 703; x_wconf 82' lang='lat' dir='ltr'>accedere</span> <span class='ocrx_word' id='word_1_40' title='bbox 1785 637 1887 702; x_wconf 82' lang='lat' dir='ltr'>vel</span> <span class='ocrx_word' id='word_1_41' title='bbox 1934 638 2099 702; x_wconf 88' lang='lat' dir='ltr'>salu·</span> 
     </span>
     <span class='ocr_line' id='line_1_7' title="bbox 185 723 2099 810; baseline 0.001 -20"><span class='ocrx_word' id='word_1_42' title='bbox 185 726 411 790; x_wconf 90' lang='lat' dir='ltr'>tariter</span> <span class='ocrx_word' id='word_1_43' title='bbox 454 725 736 810; x_wconf 90' lang='lat' dir='ltr'>recipere</span> <span class='ocrx_word' id='word_1_44' title='bbox 781 745 884 789; x_wconf 91' lang='lat' dir='ltr'>me</span> <span class='ocrx_word' id='word_1_45' title='bbox 928 746 1203 809; x_wconf 90' lang='lat' dir='ltr'>possem.</span> <span class='ocrx_word' id='word_1_46' title='bbox 1293 723 1579 790; x_wconf 79' lang='lat' dir='ltr'>Adiunxi</span> <span class='ocrx_word' id='word_1_47' title='bbox 1636 725 1798 791; x_wconf 88' lang='lat' dir='ltr'>haec</span> <span class='ocrx_word' id='word_1_48' title='bbox 1840 726 1913 790; x_wconf 88' lang='lat' dir='ltr'>in</span> <span class='ocrx_word' id='word_1_49' title='bbox 1954 726 2099 792; x_wconf 91' lang='lat' dir='ltr'>loco</span> 
     </span>
     <span class='ocr_line' id='line_1_8' title="bbox 186 813 2097 900; baseline 0.001 -21"><span class='ocrx_word' id='word_1_50' title='bbox 186 813 510 900; x_wconf 90' lang='lat' dir='ltr'>eligendo,</span> <span class='ocrx_word' id='word_1_51' title='bbox 571 813 813 881; x_wconf 89' lang='lat' dir='ltr'>flumen</span> <span class='ocrx_word' id='word_1_52' title='bbox 876 814 1248 898; x_wconf 88' lang='lat' dir='ltr'>oppositum</span> <span class='ocrx_word' id='word_1_53' title='bbox 1309 818 1386 880; x_wconf 89' lang='lat' dir='ltr'>ut</span> <span class='ocrx_word' id='word_1_54' title='bbox 1445 815 1775 899; x_wconf 88' lang='lat' dir='ltr'>haberem,</span> <span class='ocrx_word' id='word_1_55' title='bbox 1836 815 1908 879; x_wconf 90' lang='lat' dir='ltr'>in</span> <span class='ocrx_word' id='word_1_56' title='bbox 1970 837 2097 900; x_wconf 88' lang='lat' dir='ltr'>quo</span> 
     </span>
     <span class='ocr_line' id='line_1_9' title="bbox 184 901 2100 989; baseline 0 -21"><span class='ocrx_word' id='word_1_57' title='bbox 184 925 368 968; x_wconf 92' lang='lat' dir='ltr'>mora</span> <span class='ocrx_word' id='word_1_58' title='bbox 412 902 724 968; x_wconf 82' lang='lat' dir='ltr'>transitus</span> <span class='ocrx_word' id='word_1_59' title='bbox 771 906 957 985; x_wconf 87' lang='lat' dir='ltr'>esset,</span> <span class='ocrx_word' id='word_1_60' title='bbox 1001 901 1311 968; x_wconf 89' lang='lat' dir='ltr'>Vocontii</span> <span class='ocrx_word' id='word_1_61' title='bbox 1357 904 1476 968; x_wconf 91' lang='lat' dir='ltr'>sub</span> <span class='ocrx_word' id='word_1_62' title='bbox 1522 926 1720 969; x_wconf 91' lang='lat' dir='ltr'>manu</span> <span class='ocrx_word' id='word_1_63' title='bbox 1754 907 1831 969; x_wconf 91' lang='lat' dir='ltr'>ut</span> <span class='ocrx_word' id='word_1_64' title='bbox 1867 908 2100 989; x_wconf 86' lang='lat' dir='ltr'>essent,</span> 
     </span>
     <span class='ocr_line' id='line_1_10' title="bbox 184 990 2099 1078; baseline 0.001 -22"><span class='ocrx_word' id='word_1_65' title='bbox 184 1014 301 1077; x_wconf 88' lang='lat' dir='ltr'>per</span> <span class='ocrx_word' id='word_1_66' title='bbox 346 1013 618 1076; x_wconf 89' lang='lat' dir='ltr'>quorum</span> <span class='ocrx_word' id='word_1_67' title='bbox 661 992 805 1057; x_wconf 91' lang='lat' dir='ltr'>loca</span> <span class='ocrx_word' id='word_1_68' title='bbox 849 990 1124 1056; x_wconf 86' lang='lat' dir='ltr'>fideliter</span> <span class='ocrx_word' id='word_1_69' title='bbox 1177 992 1337 1056; x_wconf 91' lang='lat' dir='ltr'>mihi</span> <span class='ocrx_word' id='word_1_70' title='bbox 1380 995 1633 1076; x_wconf 90' lang='lat' dir='ltr'>pateret</span> <span class='ocrx_word' id='word_1_71' title='bbox 1683 993 1824 1058; x_wconf 89' lang='lat' dir='ltr'>iter.</span> <span class='ocrx_word' id='word_1_72' title='bbox 1913 992 2099 1078; x_wconf 64' lang='lat' dir='ltr'>Lepi⁴</span> 
     </span>
     <span class='ocr_line' id='line_1_11' title="bbox 186 1080 2101 1167; baseline 0 -21"><span class='ocrx_word' id='word_1_73' title='bbox 186 1082 306 1146; x_wconf 93' lang='lat' dir='ltr'>dus</span> <span class='ocrx_word' id='word_1_74' title='bbox 352 1081 689 1167; x_wconf 88' lang='lat' dir='ltr'>desperato</span> <span class='ocrx_word' id='word_1_75' title='bbox 735 1080 1018 1146; x_wconf 85' lang='lat' dir='ltr'>adventu</span> <span class='ocrx_word' id='word_1_76' title='bbox 1062 1103 1235 1165; x_wconf 93' lang='lat' dir='ltr'>meo,</span> <span class='ocrx_word' id='word_1_77' title='bbox 1280 1103 1471 1165; x_wconf 89' lang='lat' dir='ltr'>quem</span> <span class='ocrx_word' id='word_1_78' title='bbox 1514 1102 1652 1148; x_wconf 92' lang='lat' dir='ltr'>non</span> <span class='ocrx_word' id='word_1_79' title='bbox 1696 1082 2101 1147; x_wconf 89' lang='lat' dir='ltr'>mediocriter</span> 
     </span>
     <span class='ocr_line' id='line_1_12' title="bbox 187 1168 2098 1255; baseline 0.001 -21"><span class='ocrx_word' id='word_1_80' title='bbox 187 1171 509 1255; x_wconf 86' lang='lat' dir='ltr'>captabat,</span> <span class='ocrx_word' id='word_1_81' title='bbox 557 1191 623 1235; x_wconf 91' lang='lat' dir='ltr'>se</span> <span class='ocrx_word' id='word_1_82' title='bbox 670 1191 816 1234; x_wconf 91' lang='lat' dir='ltr'>cum</span> <span class='ocrx_word' id='word_1_83' title='bbox 861 1168 1153 1235; x_wconf 89' lang='lat' dir='ltr'>Antonio</span> <span class='ocrx_word' id='word_1_84' title='bbox 1201 1170 1538 1235; x_wconf 86' lang='lat' dir='ltr'>coniunxit</span> <span class='ocrx_word' id='word_1_85' title='bbox 1580 1193 1635 1235; x_wconf 87' lang='lat' dir='ltr'>a.</span> <span class='ocrx_word' id='word_1_86' title='bbox 1674 1170 1733 1236; x_wconf 92' lang='lat' dir='ltr'>d.</span> <span class='ocrx_word' id='word_1_87' title='bbox 1778 1185 1909 1232; x_wconf 91' lang='lat'>1111.</span> <span class='ocrx_word' id='word_1_88' title='bbox 1956 1170 2098 1236; x_wconf 88' lang='lat' dir='ltr'>Kal.</span> 
     </span>
    </p>
   </div>
   <div class='ocr_carea' id='block_1_3' title="bbox 186 1258 2224 1343">
    <p class='ocr_par' dir='ltr' id='par_1_3' title="bbox 186 1258 2224 1343">
     <span class='ocr_line' id='line_1_13' title="bbox 186 1258 2224 1343; baseline 0 -19"><span class='ocrx_word' id='word_1_89' title='bbox 186 1259 434 1343; x_wconf 78' lang='lat' dir='ltr'>IumaS,</span> <span class='ocrx_word' id='word_1_90' title='bbox 489 1259 837 1343; x_wconf 89' lang='lat' dir='ltr'>eodemque</span> <span class='ocrx_word' id='word_1_91' title='bbox 898 1258 999 1323; x_wconf 93' lang='lat' dir='ltr'>die</span> <span class='ocrx_word' id='word_1_92' title='bbox 1054 1259 1136 1323; x_wconf 90' lang='lat' dir='ltr'>ad</span> <span class='ocrx_word' id='word_1_93' title='bbox 1182 1281 1286 1324; x_wconf 93' lang='lat' dir='ltr'>me</span> <span class='ocrx_word' id='word_1_94' title='bbox 1340 1262 1553 1325; x_wconf 89' lang='lat' dir='ltr'>castra</span> <span class='ocrx_word' id='word_1_95' title='bbox 1595 1262 1962 1342; x_wconf 82' lang='lat' dir='ltr'>moverunt3</span> <span class='ocrx_word' id='word_1_96' title='bbox 2007 1261 2097 1324; x_wconf 84' lang='lat' dir='ltr'>vi·</span> <span class='ocrx_word' id='word_1_97' title='bbox 2217 1282 2224 1283; x_wconf 59' lang='grc'><em>’</em></span> 
     </span>
    </p>
   </div>
   <div class='ocr_carea' id='block_1_4' title="bbox 116 1348 2099 3216">
    <p class='ocr_par' dir='ltr' id='par_1_4' title="bbox 116 1348 2099 3216">
     <span class='ocr_line' id='line_1_14' title="bbox 187 1348 2097 1434; baseline 0 -21"><span class='ocrx_word' id='word_1_98' title='bbox 187 1349 355 1434; x_wconf 89' lang='lat' dir='ltr'>ginti</span> <span class='ocrx_word' id='word_1_99' title='bbox 397 1349 577 1414; x_wconf 91' lang='lat' dir='ltr'>milia</span> <span class='ocrx_word' id='word_1_100' title='bbox 619 1370 928 1432; x_wconf 87' lang='lat' dir='ltr'>passuum</span> <span class='ocrx_word' id='word_1_101' title='bbox 974 1370 1173 1431; x_wconf 92' lang='lat' dir='ltr'>quum</span> <span class='ocrx_word' id='word_1_102' title='bbox 1220 1348 1537 1432; x_wconf 90' lang='lat' dir='ltr'>abessent,</span> <span class='ocrx_word' id='word_1_103' title='bbox 1582 1370 1684 1414; x_wconf 86' lang='lat' dir='ltr'>res</span> <span class='ocrx_word' id='word_1_104' title='bbox 1730 1348 1889 1414; x_wconf 90' lang='lat' dir='ltr'>mihi</span> <span class='ocrx_word' id='word_1_105' title='bbox 1935 1370 2097 1413; x_wconf 92' lang='lat' dir='ltr'>nun-</span> 
     </span>
     <span class='ocr_line' id='line_1_15' title="bbox 116 1435 2099 1522; baseline 0.001 -21"><span class='ocrx_word' id='word_1_106' title='bbox 116 1453 150 1501; x_wconf 85' lang='grc'><strong>3</strong></span> <span class='ocrx_word' id='word_1_107' title='bbox 186 1438 349 1502; x_wconf 89' lang='lat' dir='ltr'>tiata</span> <span class='ocrx_word' id='word_1_108' title='bbox 394 1442 509 1504; x_wconf 91' lang='lat' dir='ltr'>est.</span> <span class='ocrx_word' id='word_1_109' title='bbox 606 1435 773 1503; x_wconf 84' lang='lat' dir='ltr'>Dedi</span> <span class='ocrx_word' id='word_1_110' title='bbox 837 1458 1100 1521; x_wconf 90' lang='lat' dir='ltr'>operam</span> <span class='ocrx_word' id='word_1_111' title='bbox 1161 1438 1376 1507; x_wconf 19' lang='lat' dir='ltr'>deum.</span> <span class='ocrx_word' id='word_1_112' title='bbox 1417 1438 1845 1522; x_wconf 86' lang='lat' dir='ltr'>benignitate,</span> <span class='ocrx_word' id='word_1_113' title='bbox 1907 1441 2001 1503; x_wconf 82' lang='lat' dir='ltr'>ut’</span> <span class='ocrx_word' id='word_1_114' title='bbox 2035 1442 2099 1502; x_wconf 88' lang='lat' dir='ltr'>et</span> 
     </span>
     <span class='ocr_line' id='line_1_16' title="bbox 188 1526 2096 1613; baseline 0 -22"><span class='ocrx_word' id='word_1_115' title='bbox 188 1527 477 1592; x_wconf 85' lang='lat' dir='ltr'>celeriter</span> <span class='ocrx_word' id='word_1_116' title='bbox 521 1548 625 1592; x_wconf 92' lang='lat' dir='ltr'>me</span> <span class='ocrx_word' id='word_1_117' title='bbox 669 1526 1018 1611; x_wconf 88' lang='lat' dir='ltr'>reciperem</span> <span class='ocrx_word' id='word_1_118' title='bbox 1063 1529 1130 1591; x_wconf 89' lang='lat' dir='ltr'>et</span> <span class='ocrx_word' id='word_1_119' title='bbox 1173 1526 1280 1591; x_wconf 89' lang='lat' dir='ltr'>hic</span> <span class='ocrx_word' id='word_1_120' title='bbox 1326 1526 1639 1592; x_wconf 87' lang='lat' dir='ltr'>discessus</span> <span class='ocrx_word' id='word_1_121' title='bbox 1694 1527 1859 1592; x_wconf 89' lang='lat' dir='ltr'>nihil</span> <span class='ocrx_word' id='word_1_122' title='bbox 1903 1527 2096 1613; x_wconf 83' lang='lat' dir='ltr'>fugae</span> 
     </span>
     <span class='ocr_line' id='line_1_17' title="bbox 189 1615 2098 1701; baseline 0 -21"><span class='ocrx_word' id='word_1_123' title='bbox 189 1616 394 1680; x_wconf 87' lang='lat' dir='ltr'>simile</span> <span class='ocrx_word' id='word_1_124' title='bbox 446 1615 740 1683; x_wconf 85' lang='lat' dir='ltr'>haberet:</span> <span class='ocrx_word' id='word_1_125' title='bbox 805 1637 940 1680; x_wconf 92' lang='lat' dir='ltr'>non</span> <span class='ocrx_word' id='word_1_126' title='bbox 993 1615 1177 1680; x_wconf 91' lang='lat' dir='ltr'>miles</span> <span class='ocrx_word' id='word_1_127' title='bbox 1230 1616 1401 1680; x_wconf 90' lang='lat' dir='ltr'>ullus</span> <span class='ocrx_word' id='word_1_128' title='bbox 1410 1667 1428 1700; x_wconf 99' lang='lat'>,</span> <span class='ocrx_word' id='word_1_129' title='bbox 1488 1637 1624 1682; x_wconf 89' lang='lat' dir='ltr'>non</span> <span class='ocrx_word' id='word_1_130' title='bbox 1683 1638 1903 1701; x_wconf 90' lang='lat' dir='ltr'>eques,</span> <span class='ocrx_word' id='word_1_131' title='bbox 1965 1637 2098 1681; x_wconf 89' lang='lat' dir='ltr'>non</span> 
     </span>
     <span class='ocr_line' id='line_1_18' title="bbox 190 1704 2096 1789; baseline 0 -20"><span class='ocrx_word' id='word_1_132' title='bbox 190 1704 536 1789; x_wconf 87' lang='lat' dir='ltr'>quidquam</span> <span class='ocrx_word' id='word_1_133' title='bbox 580 1704 1187 1788; x_wconf 90' lang='lat' dir='ltr'>impedimentorum</span> <span class='ocrx_word' id='word_1_134' title='bbox 1233 1705 1635 1770; x_wconf 87' lang='lat' dir='ltr'>amitteretur</span> <span class='ocrx_word' id='word_1_135' title='bbox 1681 1708 1795 1770; x_wconf 90' lang='lat' dir='ltr'>aut</span> <span class='ocrx_word' id='word_1_136' title='bbox 1844 1706 1925 1770; x_wconf 90' lang='lat' dir='ltr'>ab</span> <span class='ocrx_word' id='word_1_137' title='bbox 1969 1705 2096 1769; x_wconf 90' lang='lat' dir='ltr'>illis</span> 
     </span>
     <span class='ocr_line' id='line_1_19' title="bbox 187 1792 2096 1880; baseline 0.001 -23"><span class='ocrx_word' id='word_1_138' title='bbox 187 1794 587 1859; x_wconf 80' lang='lat' dir='ltr'>ferventibus</span> <span class='ocrx_word' id='word_1_139' title='bbox 629 1793 991 1858; x_wconf 89' lang='lat' dir='ltr'>latronibus</span> <span class='ocrx_word' id='word_1_140' title='bbox 1035 1792 1542 1879; x_wconf 88' lang='lat' dir='ltr'>interciperetur.</span> <span class='ocrx_word' id='word_1_141' title='bbox 1622 1793 1849 1879; x_wconf 89' lang='lat' dir='ltr'>Itaque</span> <span class='ocrx_word' id='word_1_142' title='bbox 1894 1793 2096 1880; x_wconf 90' lang='lat' dir='ltr'>pridie</span> 
     </span>
     <span class='ocr_line' id='line_1_20' title="bbox 193 1882 2092 1969; baseline 0.001 -21"><span class='ocrx_word' id='word_1_143' title='bbox 193 1882 415 1949; x_wconf 88' lang='lat' dir='ltr'>Nonas</span> <span class='ocrx_word' id='word_1_144' title='bbox 459 1882 681 1947; x_wconf 90' lang='lat' dir='ltr'>Iunias</span> <span class='ocrx_word' id='word_1_145' title='bbox 737 1904 959 1947; x_wconf 90' lang='lat' dir='ltr'>omnes</span> <span class='ocrx_word' id='word_1_146' title='bbox 1007 1883 1225 1967; x_wconf 89' lang='lat' dir='ltr'>copias</span> <span class='ocrx_word' id='word_1_147' title='bbox 1271 1883 1520 1950; x_wconf 88' lang='lat' dir='ltr'>Isaram</span> <span class='ocrx_word' id='word_1_148' title='bbox 1573 1884 1796 1949; x_wconf 88' lang='lat' dir='ltr'>traieci</span> <span class='ocrx_word' id='word_1_149' title='bbox 1839 1888 2092 1969; x_wconf 89' lang='lat' dir='ltr'>pontes·</span> 
     </span>
     <span class='ocr_line' id='line_1_21' title="bbox 190 1971 2094 2058; baseline 0 -21"><span class='ocrx_word' id='word_1_150' title='bbox 190 1993 339 2058; x_wconf 90' lang='lat' dir='ltr'>que,</span> <span class='ocrx_word' id='word_1_151' title='bbox 386 1992 547 2056; x_wconf 92' lang='lat' dir='ltr'>quos</span> <span class='ocrx_word' id='word_1_152' title='bbox 600 1971 906 2054; x_wconf 87' lang='lat' dir='ltr'>feceram,</span> <span class='ocrx_word' id='word_1_153' title='bbox 964 1972 1308 2056; x_wconf 88' lang='lat' dir='ltr'>interrupi,</span> <span class='ocrx_word' id='word_1_154' title='bbox 1360 1975 1436 2038; x_wconf 93' lang='lat' dir='ltr'>ut</span> <span class='ocrx_word' id='word_1_155' title='bbox 1487 1975 1553 2037; x_wconf 93' lang='lat' dir='ltr'>et</span> <span class='ocrx_word' id='word_1_156' title='bbox 1597 1973 1879 2058; x_wconf 88' lang='lat' dir='ltr'>spatium</span> <span class='ocrx_word' id='word_1_157' title='bbox 1925 1973 2094 2039; x_wconf 88' lang='lat' dir='ltr'>colli-</span> 
     </span>
     <span class='ocr_line' id='line_1_22' title="bbox 191 2059 2097 2147; baseline 0.001 -22"><span class='ocrx_word' id='word_1_158' title='bbox 191 2060 386 2147; x_wconf 92' lang='lat' dir='ltr'>gendi</span> <span class='ocrx_word' id='word_1_159' title='bbox 457 2082 523 2125; x_wconf 93' lang='lat' dir='ltr'>se</span> <span class='ocrx_word' id='word_1_160' title='bbox 593 2059 890 2125; x_wconf 90' lang='lat' dir='ltr'>homines</span> <span class='ocrx_word' id='word_1_161' title='bbox 961 2060 1278 2126; x_wconf 89' lang='lat' dir='ltr'>haberent</span> <span class='ocrx_word' id='word_1_162' title='bbox 1348 2063 1414 2127; x_wconf 89' lang='lat' dir='ltr'>et</span> <span class='ocrx_word' id='word_1_163' title='bbox 1485 2082 1606 2147; x_wconf 87' lang='lat' dir='ltr'>ego</span> <span class='ocrx_word' id='word_1_164' title='bbox 1680 2084 1781 2128; x_wconf 93' lang='lat' dir='ltr'>me</span> <span class='ocrx_word' id='word_1_165' title='bbox 1852 2062 2097 2127; x_wconf 89' lang='lat' dir='ltr'>interea</span> 
     </span>
     <span class='ocr_line' id='line_1_23' title="bbox 191 2149 2096 2236; baseline 0.002 -22"><span class='ocrx_word' id='word_1_166' title='bbox 191 2171 336 2214; x_wconf 87' lang='lat' dir='ltr'>cum</span> <span class='ocrx_word' id='word_1_167' title='bbox 382 2149 631 2234; x_wconf 88' lang='lat' dir='ltr'>collega</span> <span class='ocrx_word' id='word_1_168' title='bbox 675 2149 1160 2233; x_wconf 86' lang='lat' dir='ltr'>coniungerem,</span> <span class='ocrx_word' id='word_1_169' title='bbox 1216 2172 1406 2235; x_wconf 90' lang='lat' dir='ltr'>quem</span> <span class='ocrx_word' id='word_1_170' title='bbox 1450 2151 1693 2234; x_wconf 88' lang='lat' dir='ltr'>triduo,</span> <span class='ocrx_word' id='word_1_171' title='bbox 1738 2173 1937 2236; x_wconf 91' lang='lat' dir='ltr'>quum</span> <span class='ocrx_word' id='word_1_172' title='bbox 1979 2152 2096 2216; x_wconf 90' lang='lat' dir='ltr'>has</span> 
     </span>
     <span class='ocr_line' id='line_1_24' title="bbox 120 2238 2098 2322; baseline 0.002 -20"><span class='ocrx_word' id='word_1_173' title='bbox 120 2253 152 2301; x_wconf 85' lang='lat'><strong>4</strong></span> <span class='ocrx_word' id='word_1_174' title='bbox 191 2238 424 2303; x_wconf 89' lang='lat' dir='ltr'>dabam</span> <span class='ocrx_word' id='word_1_175' title='bbox 467 2239 716 2303; x_wconf 88' lang='lat' dir='ltr'>litteras</span> <span class='ocrx_word' id='word_1_176' title='bbox 725 2288 743 2322; x_wconf 95' lang='lat'>,</span> <span class='ocrx_word' id='word_1_177' title='bbox 798 2238 1264 2321; x_wconf 88' lang='lat' dir='ltr'>exspectabam.</span> <span class='ocrx_word' id='word_1_178' title='bbox 1353 2239 1720 2304; x_wconf 87' lang='lat' dir='ltr'>Laterensis</span> <span class='ocrx_word' id='word_1_179' title='bbox 1774 2241 1981 2305; x_wconf 89' lang='lat' dir='ltr'>nostri</span> <span class='ocrx_word' id='word_1_180' title='bbox 2035 2245 2098 2306; x_wconf 90' lang='lat' dir='ltr'>et</span> 
     </span>
     <span class='ocr_line' id='line_1_25' title="bbox 188 2327 2096 2413; baseline 0.001 -20"><span class='ocrx_word' id='word_1_181' title='bbox 188 2328 380 2393; x_wconf 92' lang='lat' dir='ltr'>fidem</span> <span class='ocrx_word' id='word_1_182' title='bbox 427 2330 493 2392; x_wconf 91' lang='lat' dir='ltr'>et</span> <span class='ocrx_word' id='word_1_183' title='bbox 536 2327 823 2392; x_wconf 90' lang='lat' dir='ltr'>animum</span> <span class='ocrx_word' id='word_1_184' title='bbox 869 2328 1263 2413; x_wconf 86' lang='lat' dir='ltr'>singularem</span> <span class='ocrx_word' id='word_1_185' title='bbox 1297 2328 1368 2393; x_wconf 91' lang='lat' dir='ltr'>in</span> <span class='ocrx_word' id='word_1_186' title='bbox 1402 2350 1538 2393; x_wconf 90' lang='lat' dir='ltr'>rem</span> <span class='ocrx_word' id='word_1_187' title='bbox 1573 2328 1898 2413; x_wconf 89' lang='lat' dir='ltr'>publicam</span> <span class='ocrx_word' id='word_1_188' title='bbox 1938 2351 2096 2395; x_wconf 90' lang='lat' dir='ltr'>sem-</span> 
     </span>
     <span class='ocr_line' id='line_1_26' title="bbox 189 2416 2098 2504; baseline 0.001 -23"><span class='ocrx_word' id='word_1_189' title='bbox 189 2439 304 2503; x_wconf 92' lang='lat' dir='ltr'>per</span> <span class='ocrx_word' id='word_1_190' title='bbox 365 2416 646 2499; x_wconf 83' lang='lat' dir='ltr'>fatebor3</span> <span class='ocrx_word' id='word_1_191' title='bbox 709 2416 821 2481; x_wconf 92' lang='lat' dir='ltr'>sed</span> <span class='ocrx_word' id='word_1_192' title='bbox 885 2420 1054 2481; x_wconf 89' lang='lat' dir='ltr'>certe</span> <span class='ocrx_word' id='word_1_193' title='bbox 1115 2417 1319 2481; x_wconf 91' lang='lat' dir='ltr'>nimia</span> <span class='ocrx_word' id='word_1_194' title='bbox 1373 2417 1509 2483; x_wconf 89' lang='lat' dir='ltr'>eius</span> <span class='ocrx_word' id='word_1_195' title='bbox 1570 2417 1977 2504; x_wconf 83' lang='lat' dir='ltr'>indulgentia</span> <span class='ocrx_word' id='word_1_196' title='bbox 2029 2419 2098 2483; x_wconf 89' lang='lat' dir='ltr'>in</span> 
     </span>
     <span class='ocr_line' id='line_1_27' title="bbox 189 2505 2098 2591; baseline 0.002 -21"><span class='ocrx_word' id='word_1_197' title='bbox 189 2506 504 2591; x_wconf 92' lang='lat' dir='ltr'>Lepidum</span> <span class='ocrx_word' id='word_1_198' title='bbox 559 2505 639 2570; x_wconf 91' lang='lat' dir='ltr'>ad</span> <span class='ocrx_word' id='word_1_199' title='bbox 693 2505 854 2570; x_wconf 90' lang='lat' dir='ltr'>haec</span> <span class='ocrx_word' id='word_1_200' title='bbox 906 2506 1192 2589; x_wconf 89' lang='lat' dir='ltr'>pericula</span> <span class='ocrx_word' id='word_1_201' title='bbox 1243 2506 1689 2591; x_wconf 88' lang='lat' dir='ltr'>perspicienda</span> <span class='ocrx_word' id='word_1_202' title='bbox 1744 2507 1902 2571; x_wconf 88' lang='lat' dir='ltr'>fecit</span> <span class='ocrx_word' id='word_1_203' title='bbox 1952 2530 2098 2573; x_wconf 92' lang='lat' dir='ltr'>eum</span> 
     </span>
     <span class='ocr_line' id='line_1_28' title="bbox 189 2593 2097 2681; baseline 0.001 -21"><span class='ocrx_word' id='word_1_204' title='bbox 189 2595 403 2660; x_wconf 91' lang='lat' dir='ltr'>minus</span> <span class='ocrx_word' id='word_1_205' title='bbox 459 2616 782 2681; x_wconf 84' lang='lat' dir='ltr'>sagacem3</span> <span class='ocrx_word' id='word_1_206' title='bbox 842 2595 953 2679; x_wconf 88' lang='lat' dir='ltr'>qui</span> <span class='ocrx_word' id='word_1_207' title='bbox 1007 2593 1265 2679; x_wconf 90' lang='lat' dir='ltr'>quidem</span> <span class='ocrx_word' id='word_1_208' title='bbox 1320 2618 1518 2680; x_wconf 90' lang='lat' dir='ltr'>quum</span> <span class='ocrx_word' id='word_1_209' title='bbox 1570 2597 1641 2660; x_wconf 88' lang='lat' dir='ltr'>in</span> <span class='ocrx_word' id='word_1_210' title='bbox 1691 2596 1985 2662; x_wconf 89' lang='lat' dir='ltr'>fraudem</span> <span class='ocrx_word' id='word_1_211' title='bbox 2031 2619 2097 2661; x_wconf 91' lang='lat' dir='ltr'>se</span> 
     </span>
     <span class='ocr_line' id='line_1_29' title="bbox 191 2684 2098 2771; baseline -0.001 -20"><span class='ocrx_word' id='word_1_212' title='bbox 191 2685 534 2750; x_wconf 91' lang='lat' dir='ltr'>deductum</span> <span class='ocrx_word' id='word_1_213' title='bbox 597 2684 868 2767; x_wconf 87' lang='lat' dir='ltr'>videret,</span> <span class='ocrx_word' id='word_1_214' title='bbox 922 2705 1180 2768; x_wconf 90' lang='lat' dir='ltr'>manus,</span> <span class='ocrx_word' id='word_1_215' title='bbox 1235 2705 1395 2768; x_wconf 88' lang='lat' dir='ltr'>quas</span> <span class='ocrx_word' id='word_1_216' title='bbox 1456 2685 1687 2750; x_wconf 88' lang='lat' dir='ltr'>iustius</span> <span class='ocrx_word' id='word_1_217' title='bbox 1748 2685 1820 2750; x_wconf 90' lang='lat' dir='ltr'>in</span> <span class='ocrx_word' id='word_1_218' title='bbox 1873 2685 2098 2771; x_wconf 87' lang='lat' dir='ltr'>Lepidi</span> 
     </span>
     <span class='ocr_line' id='line_1_30' title="bbox 188 2772 2097 2860; baseline 0 -21"><span class='ocrx_word' id='word_1_219' title='bbox 188 2774 536 2859; x_wconf 88' lang='lat' dir='ltr'>perniciem</span> <span class='ocrx_word' id='word_1_220' title='bbox 583 2775 912 2856; x_wconf 88' lang='lat' dir='ltr'>armasset,</span> <span class='ocrx_word' id='word_1_221' title='bbox 958 2772 1080 2836; x_wconf 89' lang='lat' dir='ltr'>sibi</span> <span class='ocrx_word' id='word_1_222' title='bbox 1126 2773 1353 2839; x_wconf 85' lang='lat' dir='ltr'>afferre</span> <span class='ocrx_word' id='word_1_223' title='bbox 1388 2778 1658 2839; x_wconf 89' lang='lat' dir='ltr'>conatus</span> <span class='ocrx_word' id='word_1_224' title='bbox 1705 2777 1821 2859; x_wconf 87' lang='lat' dir='ltr'>est,</span> <span class='ocrx_word' id='word_1_225' title='bbox 1864 2775 1935 2839; x_wconf 90' lang='lat' dir='ltr'>in</span> <span class='ocrx_word' id='word_1_226' title='bbox 1970 2797 2097 2860; x_wconf 91' lang='lat' dir='ltr'>quo</span> 
     </span>
     <span class='ocr_line' id='line_1_31' title="bbox 190 2861 2097 2945; baseline 0 -17"><span class='ocrx_word' id='word_1_227' title='bbox 190 2885 342 2928; x_wconf 89' lang='lat' dir='ltr'>casu</span> <span class='ocrx_word' id='word_1_228' title='bbox 395 2867 617 2928; x_wconf 86' lang='lat' dir='ltr'>tamen</span> <span class='ocrx_word' id='word_1_229' title='bbox 668 2861 1116 2945; x_wconf 88' lang='lat' dir='ltr'>interpellatus</span> <span class='ocrx_word' id='word_1_230' title='bbox 1173 2865 1239 2926; x_wconf 91' lang='lat' dir='ltr'>et</span> <span class='ocrx_word' id='word_1_231' title='bbox 1283 2862 1493 2927; x_wconf 90' lang='lat' dir='ltr'>adhuc</span> <span class='ocrx_word' id='word_1_232' title='bbox 1545 2863 1706 2928; x_wconf 82' lang='lat' dir='ltr'>vivit</span> <span class='ocrx_word' id='word_1_233' title='bbox 1759 2867 1825 2928; x_wconf 86' lang='lat' dir='ltr'>et</span> <span class='ocrx_word' id='word_1_234' title='bbox 1870 2864 2097 2930; x_wconf 88' lang='lat' dir='ltr'>dicitur</span> 
     </span>
     <span class='ocr_line' id='line_1_32' title="bbox 188 2950 2098 3036; baseline 0.001 -20"><span class='ocrx_word' id='word_1_235' title='bbox 188 2952 500 3036; x_wconf 82' lang='lat' dir='ltr'>victurus,</span> <span class='ocrx_word' id='word_1_236' title='bbox 545 2952 656 3016; x_wconf 89' lang='lat' dir='ltr'>sed</span> <span class='ocrx_word' id='word_1_237' title='bbox 700 2954 923 3016; x_wconf 87' lang='lat' dir='ltr'>tamen</span> <span class='ocrx_word' id='word_1_238' title='bbox 967 2950 1045 3015; x_wconf 92' lang='lat' dir='ltr'>de</span> <span class='ocrx_word' id='word_1_239' title='bbox 1079 2950 1206 3016; x_wconf 91' lang='lat' dir='ltr'>hoc</span> <span class='ocrx_word' id='word_1_240' title='bbox 1241 2974 1471 3035; x_wconf 90' lang='lat' dir='ltr'>parum</span> <span class='ocrx_word' id='word_1_241' title='bbox 1506 2951 1665 3017; x_wconf 90' lang='lat' dir='ltr'>mihi</span> <span class='ocrx_word' id='word_1_242' title='bbox 1703 2956 1948 3017; x_wconf 88' lang='lat' dir='ltr'>certum</span> <span class='ocrx_word' id='word_1_243' title='bbox 1984 2957 2098 3018; x_wconf 88' lang='lat' dir='ltr'>est.</span> 
     </span>
     <span class='ocr_line' id='line_1_33' title="bbox 120 3038 2098 3126; baseline 0.003 -26"><span class='ocrx_word' id='word_1_244' title='bbox 120 3051 152 3099; x_wconf 80' lang='lat'>5</span> <span class='ocrx_word' id='word_1_245' title='bbox 188 3038 432 3124; x_wconf 86' lang='lat' dir='ltr'>Magno</span> <span class='ocrx_word' id='word_1_246' title='bbox 487 3062 632 3106; x_wconf 91' lang='lat' dir='ltr'>cum</span> <span class='ocrx_word' id='word_1_247' title='bbox 688 3039 908 3105; x_wconf 91' lang='lat' dir='ltr'>dolore</span> <span class='ocrx_word' id='word_1_248' title='bbox 971 3040 1436 3124; x_wconf 88' lang='lat' dir='ltr'>parricidarum</span> <span class='ocrx_word' id='word_1_249' title='bbox 1489 3041 1744 3126; x_wconf 90' lang='lat' dir='ltr'>elapsus</span> <span class='ocrx_word' id='word_1_250' title='bbox 1800 3064 1943 3107; x_wconf 91' lang='lat' dir='ltr'>sum</span> <span class='ocrx_word' id='word_1_251' title='bbox 1996 3043 2098 3125; x_wconf 88' lang='lat' dir='ltr'>iis;</span> 
     </span>
     <span class='ocr_line' id='line_1_34' title="bbox 188 3128 2098 3216; baseline 0.004 -26"><span class='ocrx_word' id='word_1_252' title='bbox 188 3129 537 3193; x_wconf 84' lang='lat' dir='ltr'>veniebant</span> <span class='ocrx_word' id='word_1_253' title='bbox 570 3129 743 3194; x_wconf 92' lang='lat' dir='ltr'>enim</span> <span class='ocrx_word' id='word_1_254' title='bbox 779 3128 1003 3193; x_wconf 92' lang='lat' dir='ltr'>eodem</span> <span class='ocrx_word' id='word_1_255' title='bbox 1038 3128 1257 3195; x_wconf 87' lang='lat' dir='ltr'>furore</span> <span class='ocrx_word' id='word_1_256' title='bbox 1291 3129 1364 3194; x_wconf 92' lang='lat' dir='ltr'>in</span> <span class='ocrx_word' id='word_1_257' title='bbox 1397 3152 1518 3214; x_wconf 90' lang='lat' dir='ltr'>me,</span> <span class='ocrx_word' id='word_1_258' title='bbox 1546 3152 1672 3215; x_wconf 92' lang='lat' dir='ltr'>quo</span> <span class='ocrx_word' id='word_1_259' title='bbox 1708 3131 1779 3195; x_wconf 89' lang='lat' dir='ltr'>in</span> <span class='ocrx_word' id='word_1_260' title='bbox 1805 3131 2098 3216; x_wconf 87' lang='lat' dir='ltr'>patriam,</span> 
     </span>
    </p>
   </div>
   <div class='ocr_carea' id='block_1_5' title="bbox 190 3283 2100 3572">
    <p class='ocr_par' dir='ltr' id='par_1_5' title="bbox 190 3283 2100 3502">
     <span class='ocr_line' id='line_1_35' title="bbox 329 3283 2100 3360; baseline 0.005 -24"><span class='ocrx_word' id='word_1_261' title='bbox 329 3283 431 3352; x_wconf 89' lang='lat' dir='ltr'>Ep.</span> <span class='ocrx_word' id='word_1_262' title='bbox 471 3290 556 3352; x_wconf 84' lang='lat'>23,</span> <span class='ocrx_word' id='word_1_263' title='bbox 584 3292 634 3339; x_wconf 86' lang='lat'>3.</span> <span class='ocrx_word' id='word_1_264' title='bbox 707 3288 948 3342; x_wconf 83' lang='lat' dir='ltr'>haberet:</span> <span class='ocrx_word' id='word_1_265' title='bbox 983 3303 1098 3342; x_wconf 77' lang='lat' dir='ltr'>non</span> <span class='ocrx_word' id='word_1_266' title='bbox 1135 3288 1286 3356; x_wconf 87' lang='lat' dir='ltr'>(W.).</span> <span class='ocrx_word' id='word_1_267' title='bbox 1357 3290 1430 3356; x_wconf 69' lang='lat' dir='ltr'>h„</span> <span class='ocrx_word' id='word_1_268' title='bbox 1464 3304 1578 3344; x_wconf 75' lang='lat' dir='ltr'>non</span> <span class='ocrx_word' id='word_1_269' title='bbox 1613 3290 1800 3360; x_wconf 83' lang='lat' dir='ltr'>vulgo.</span> <span class='ocrx_word' id='word_1_270' title='bbox 1840 3319 1906 3329; x_wconf 92' lang='lat'>—</span> <span class='ocrx_word' id='word_1_271' title='bbox 1952 3295 2016 3344; x_wconf 72' lang='lat' dir='ltr'>ut</span> <span class='ocrx_word' id='word_1_272' title='bbox 2052 3295 2100 3344; x_wconf 83' lang='lat' dir='ltr'>et</span> 
     </span>
     <span class='ocr_line' id='line_1_36' title="bbox 190 3354 2099 3430; baseline 0.006 -25"><span class='ocrx_word' id='word_1_273' title='bbox 190 3367 270 3419; x_wconf 77' lang='lat' dir='ltr'>sp.</span> <span class='ocrx_word' id='word_1_274' title='bbox 308 3354 598 3422; x_wconf 73' lang='lat' dir='ltr'>colliqendi</span> <span class='ocrx_word' id='word_1_275' title='bbox 639 3371 693 3411; x_wconf 83' lang='lat' dir='ltr'>se</span> <span class='ocrx_word' id='word_1_276' title='bbox 748 3359 884 3425; x_wconf 82' lang='lat' dir='ltr'>(W.;</span> <span class='ocrx_word' id='word_1_277' title='bbox 922 3363 986 3412; x_wconf 84' lang='lat' dir='ltr'>ut</span> <span class='ocrx_word' id='word_1_278' title='bbox 1019 3364 1070 3413; x_wconf 82' lang='lat' dir='ltr'>et</span> <span class='ocrx_word' id='word_1_279' title='bbox 1104 3375 1186 3428; x_wconf 79' lang='lat' dir='ltr'>sp.</span> <span class='ocrx_word' id='word_1_280' title='bbox 1225 3359 1327 3428; x_wconf 89' lang='lat' dir='ltr'>L.).</span> <span class='ocrx_word' id='word_1_281' title='bbox 1417 3365 1481 3414; x_wconf 79' lang='lat' dir='ltr'>ut</span> <span class='ocrx_word' id='word_1_282' title='bbox 1526 3376 1607 3429; x_wconf 80' lang='lat' dir='ltr'>sp.</span> <span class='ocrx_word' id='word_1_283' title='bbox 1646 3365 1697 3414; x_wconf 87' lang='lat' dir='ltr'>et</span> <span class='ocrx_word' id='word_1_284' title='bbox 1743 3361 2099 3430; x_wconf 72' lang='lat' dir='ltr'>colliqendum</span> 
     </span>
     <span class='ocr_line' id='line_1_37' title="bbox 190 3422 2096 3502; baseline 0.007 -28"><span class='ocrx_word' id='word_1_285' title='bbox 190 3438 244 3475; x_wconf 85' lang='lat' dir='ltr'>se</span> <span class='ocrx_word' id='word_1_286' title='bbox 277 3422 351 3477; x_wconf 89' lang='lat' dir='ltr'>M.</span> <span class='ocrx_word' id='word_1_287' title='bbox 424 3428 488 3477; x_wconf 81' lang='lat' dir='ltr'>ut</span> <span class='ocrx_word' id='word_1_288' title='bbox 520 3441 600 3493; x_wconf 79' lang='lat' dir='ltr'>sp.</span> <span class='ocrx_word' id='word_1_289' title='bbox 640 3428 714 3482; x_wconf 83' lang='lat' dir='ltr'>ad</span> <span class='ocrx_word' id='word_1_290' title='bbox 749 3430 1109 3499; x_wconf 77' lang='lat' dir='ltr'>colliyendum</span> <span class='ocrx_word' id='word_1_291' title='bbox 1152 3447 1209 3485; x_wconf 84' lang='lat' dir='ltr'>se</span> <span class='ocrx_word' id='word_1_292' title='bbox 1253 3430 1315 3485; x_wconf 89' lang='lat' dir='ltr'>B.</span> <span class='ocrx_word' id='word_1_293' title='bbox 1408 3438 1455 3486; x_wconf 85' lang='lat'>5.</span> <span class='ocrx_word' id='word_1_294' title='bbox 1511 3436 1601 3487; x_wconf 79' lang='lat' dir='ltr'>est.</span> <span class='ocrx_word' id='word_1_295' title='bbox 1670 3432 1885 3501; x_wconf 72' lang='lat' dir='ltr'>Maqno</span> <span class='ocrx_word' id='word_1_296' title='bbox 1937 3431 2096 3502; x_wconf 64' lang='lat' dir='ltr'>(Mc).</span> 
     </span>
    </p>

    <p class='ocr_par' dir='ltr' id='par_1_6' title="bbox 191 3495 1508 3572">
     <span class='ocr_line' id='line_1_38' title="bbox 191 3495 1508 3572; baseline 0.009 -27"><span class='ocrx_word' id='word_1_297' title='bbox 191 3496 268 3545; x_wconf 81' lang='lat' dir='ltr'>est</span> <span class='ocrx_word' id='word_1_298' title='bbox 303 3509 527 3563; x_wconf 73' lang='lat' dir='ltr'>ema-qno</span> <span class='ocrx_word' id='word_1_299' title='bbox 562 3495 679 3550; x_wconf 89' lang='lat' dir='ltr'>M1.</span> <span class='ocrx_word' id='word_1_300' title='bbox 753 3504 843 3553; x_wconf 83' lang='lat' dir='ltr'>est.</span> <span class='ocrx_word' id='word_1_301' title='bbox 915 3500 1041 3571; x_wconf 73' lang='lat' dir='ltr'>Eyo</span> <span class='ocrx_word' id='word_1_302' title='bbox 1077 3518 1291 3572; x_wconf 64' lang='lat' dir='ltr'>magne.</span> <span class='ocrx_word' id='word_1_303' title='bbox 1330 3503 1408 3572; x_wconf 65' lang='lat' dir='ltr'>L„</span> <span class='ocrx_word' id='word_1_304' title='bbox 1446 3503 1508 3557; x_wconf 91' lang='lat' dir='ltr'>B.</span> 
     </span>
    </p>
   </div>
  </div>
 </body>
</html>
