2338 3691
698 102 1217 160 EPISTOLARUM
1252 102 1399 158 XIV.
1443 102 1633 159 '1-12,
1986 102 2117 167 491
2185 125 2189 128 “

1120 317 1201 383 Χ.
1361 380 1370 388 .

388 429 502 485 Scr.
540 430 828 485 Brundisii
861 430 985 485 VII.
1023 430 1154 485 Idus
1193 429 1500 495 Quinctiles
1539 445 1588 483 a.
1623 447 1681 485 u.
1721 446 1766 484 c.
1807 433 1927 485 707.

549 553 862 609 TULLIUS
900 554 954 609 S.
991 554 1058 609 D.
1096 552 1521 628 TERENTIAE
1560 552 1762 608 SUAE.

334 652 506 730 Quid
557 654 698 718 fieri
752 655 1062 738 placeret,
1118 653 1345 737 scripsi
1400 652 1481 717 ad
1533 652 1965 738 Pomponium
2024 671 2120 716 se·

194 742 336 806 rius
366 764 563 826 quam
593 742 907 826 oportuit:
955 764 1102 807 cum
1139 763 1216 807 eo
1255 743 1310 806 si
1344 742 1561 807 locuta
1598 741 1741 826 cria,
1776 740 2121 825 intelligeS,

192 829 357 913 quid
399 830 541 895 fieri
586 831 812 913 velim,
796 854 811 869 ·
858 830 1142 915 apertius
1192 829 1412 913 scribi,
1457 830 1764 913 quoniam
1809 830 1890 894 ad
1934 830 2121 893 illum

200 919 612 1002 scripseram,
665 940 927 984 necesse
981 940 1118 984 non
1174 918 1317 983 fuit.
1406 918 1505 983 De
1551 939 1629 983 ea
1671 938 1741 982 re
1786 919 1855 982 et
1898 916 1976 981 de
2022 938 2120 981 ce-

198 1006 359 1070 teris
404 1008 596 1071 rebus
643 1029 838 1091 quam
883 1008 1164 1103 primum
1210 1006 1401 1071 velim
1445 1006 1636 1071 nobis
1678 1006 1930 1070 litteras
1975 1005 2120 1068 mit-

199 1097 325 1157 taS.
405 1092 857 1161 Valetudinem
899 1090 1083 1161 tuam
1129 1116 1283 1159 cura
1329 1094 1690 1179 diligenter.
1751 1093 1934 1159 Vale.
2004 1110 2121 1159 vn.

199 1180 359 1247 Idus
406 1181 776 1258 Quinctiles.
1815 1227 1821 1233 ·

1102 1357 1220 1424 XI.

392 1467 506 1525 Scr.
545 1470 832 1526 Brundisii
867 1469 1041 1526 XVII.
1079 1470 1205 1525 Kal.
1244 1469 1507 1535 Quinctil.
1546 1486 1596 1524 a.
1636 1487 1688 1523 u.
1727 1485 1774 1524 c.
1814 1473 1936 1524 707.

555 1592 868 1648 TULLIUS
906 1594 961 1649 S.
998 1593 1065 1649 D.
1105 1593 1533 1650 TERENTIAE
1570 1592 1774 1649 SUAE.

339 1690 401 1757 S.
447 1715 506 1757 v.
551 1693 612 1756 b.
658 1714 710 1756 e.
757 1715 809 1757 e.
853 1715 912 1757 v.
987 1692 1203 1758 Tullia
1255 1697 1483 1759 nostra
1525 1693 1707 1758 venit
1750 1692 1833 1757 ad
1878 1714 1981 1756 me
2024 1713 2122 1776 pr.

197 1778 359 1845 Idus
405 1779 576 1864 Iun.;
621 1780 802 1847 cuius
850 1803 1102 1847 summa
1145 1783 1383 1848 virtute
1429 1785 1496 1848 et
1540 1781 1855 1868 singulari
1897 1782 2121 1847 huma-

199 1870 410 1934 nitate
475 1870 768 1956 graviore
833 1872 1027 1935 etiam
1093 1892 1237 1936 sum
1291 1872 1510 1936 dolore
1575 1871 1840 1935 affectus
1895 1873 2123 1936 nostra

202 1958 450 2023 factum
507 1980 646 2024 esse
699 1959 1127 2044 negligentia,
1179 1963 1255 2024 ut
1305 1961 1500 2045 longe
1554 1960 1683 2023 alia
1734 1960 1805 2023 in
1857 1959 2123 2024 fortuna

200 2048 392 2130 esset,
439 2050 631 2130 atque
678 2047 816 2112 eius
852 2049 1060 2131 pietas
1099 2069 1173 2112 ac
1212 2048 1495 2132 dignitas
1534 2047 1926 2132 postulabat.
1987 2046 2120 2113 No·

205 2135 307 2199 bis
354 2137 495 2199 erat
536 2135 608 2198 in
660 2136 878 2200 animo
925 2133 1301 2201 Ciceronem
1346 2137 1428 2200 ad
1471 2134 1814 2202 Caesarem
1866 2136 2121 2200 mittere

203 2225 276 2286 et
321 2243 467 2287 cum
513 2244 587 2287 eo
632 2221 750 2289 Cn.
788 2221 1191 2289 Sallustium.
1239 2225 1294 2289 si
1338 2225 1667 2308 profectus
1704 2224 1844 2307 erit,
1886 2224 2122 2288 faciam

205 2313 274 2373 te
339 2310 690 2375 certiorem.
778 2311 1240 2378 Valetudinem
1302 2315 1484 2377 tuam
1546 2334 1700 2378 cura
1762 2312 2122 2397 diligenter.

205 2396 390 2463 Vale.
443 2417 605 2463 xvn.
649 2399 728 2464 K.
775 2399 1148 2476 Quinctiles.

1080 2593 1231 2659 XII.
1543 2656 1548 2659 Α

396 2704 511 2792 Scr.
549 2704 835 2760 Brundisii
868 2705 1014 2776 prid.
1051 2706 1197 2760 Non.
1236 2706 1509 2762 Novemb.
1549 2723 1597 2761 a.
1636 2725 1689 2761 u.
1727 2723 1775 2761 c.
1815 2712 1935 2760 706.

546 2828 878 2884 'TULLIAE
916 2829 1344 2885 TERENTIAE
1382 2829 1570 2886 SUAE
1607 2829 1664 2886 S.
1699 2829 1766 2884 D.

338 2925 527 3003 Quod
570 2950 692 2993 nos
737 2929 808 2993 in
843 2928 1101 2995 Italiam
1138 2931 1351 2995 salvos
1387 2930 1640 2994 venisse
1677 2931 1938 3016 gaudes,
1981 2951 2123 3015 per-

203 3019 400 3100 petuo
456 3018 740 3101 gaudeas
795 3018 1013 3102 velim3
1068 3018 1180 3083 sed
1233 3018 1594 3103 perturbati
1649 3018 1870 3084 dolore
1923 3018 2122 3083 animi

204 3105 586 3189 magnisque
631 3106 885 3171 iniuriis
929 3111 1146 3171 metuo
1193 3128 1275 3171 ne
1329 3107 1396 3171 id
1442 3107 1694 3172 consilii
1748 3108 2126 3191 ceperimuS,

202 3193 381 3275 quod
427 3215 563 3259 non
605 3194 796 3259 facile
843 3195 1159 3279 explicare
1214 3196 1555 3278 possimus.
1647 3194 1875 3279 Quare,
1921 3217 2122 3280 quan-

347 3330 450 3436 ΕΡ.
492 3375 574 3424 10.
647 3370 838 3435 velim5
876 3370 1122 3438 apertius
1158 3369 1309 3438 (W.).
1381 3385 1431 3424 υ.
1486 3368 1597 3437 Ap.
1636 3367 1825 3437 vulgo.
1899 3367 2003 3436 Ep.
2038 3373 2120 3421 11.

202 3452 246 3494 e.
284 3452 326 3492 e.
365 3438 516 3507 (W..)
588 3456 630 3493 e
669 3439 799 3494 ΜΒ.
1676 3472 1682 3477 ·
