2338 3691
232 127 364 194 284
794 124 872 180 M.
913 125 1159 180 TULLII
1199 123 1581 181 CICERONIS

1106 375 1284 440 XIX.

565 487 680 545 Scr.
719 488 932 544 Romae
968 505 1157 544 mense
1200 487 1400 543 Sextili
1437 504 1486 542 a.
1525 505 1577 541 u.
1616 504 1664 542 c.
1705 493 1823 543 708.

815 612 1074 669 CICERO
1113 612 1166 667 S.
1204 612 1273 667 D.
1310 611 1567 667 PAETO.

166 727 199 778 1
372 711 620 778 Tamen
665 736 705 778 a
748 715 998 778 malitia
1041 735 1178 778 non
1224 712 1521 777 discedis.
1574 711 1901 776 tenuiculo
1957 733 2154 797 appa·

236 805 382 867 ratu
430 802 757 888 significas
802 802 1082 867 Balbum
1133 801 1333 866 fuisse
1388 803 1784 866 contentum.
1871 799 2016 866 Hoc
2059 801 2154 866 vi·

239 891 406 956 deris
434 891 669 976 dicere,
707 914 906 976 quum
940 912 1127 977 reges
1153 894 1292 954 tam
1329 891 1460 954 sint
1487 890 1911 975 continentes,
1945 890 2154 956 multo

236 980 448 1065 magis
494 981 862 1045 consulares
909 1001 1047 1044 esse
1095 982 1409 1063 oportere.
1488 977 1716 1042 Nescis
1761 1000 1863 1043 me
1909 979 1991 1043 ab
2037 980 2155 1044 illo

239 1069 458 1133 omnia
530 1070 955 1155 expiscatum3
1023 1072 1201 1132 recta
1271 1068 1444 1131 enim
1518 1090 1557 1130 a
1629 1071 1819 1151 porta
1891 1067 2152 1132 domum

236 1179 448 1222 meam
474 1158 518 1238 †
541 1158 797 1223 venisse
841 1179 1049 1242 neque
1085 1157 1212 1222 hoc
1254 1156 1551 1239 admiror,
1597 1156 1769 1241 quod
1803 1177 1940 1221 non
1969 1179 2153 1220 suam

237 1247 482 1331 potius,
537 1248 649 1312 sed
701 1248 889 1331 illud,
943 1246 1114 1330 quod
1166 1267 1304 1310 non
1364 1245 1445 1309 ad
1497 1267 1709 1328 suam3
1761 1265 1886 1329 ego
1933 1249 2153 1309 autem

236 1335 446 1400 tribus
490 1336 715 1420 primis
760 1335 998 1402 verbis:
1055 1334 1248 1419 „quid
1292 1336 1516 1399 noster
1559 1332 1886 1398 Paetus?“
1929 1338 1997 1397 at
2039 1334 2152 1398 ille

167 1437 199 1485 2
239 1424 544 1488 adiurans
552 1475 570 1509 ,
622 1445 944 1508 nusquam
999 1445 1065 1489 se
1117 1445 1426 1506 umquam
1478 1423 1800 1487 libentius
1897 1421 2041 1487 Hoc
2091 1424 2153 1487 si

237 1512 451 1576 verbis
498 1517 828 1578 assecutus
873 1534 961 1596 es,
1006 1533 1191 1575 aures
1239 1512 1320 1575 ad
1363 1514 1428 1575 te
1468 1511 1730 1576 afferam
1765 1533 1900 1576 non
1934 1511 2151 1576 minus

238 1601 595 1684 elegantes3
642 1602 744 1666 sin
791 1605 1007 1665 autem
1053 1601 1325 1685 opsonio
1336 1650 1354 1683 ,
1398 1604 1555 1684 peto‘
1596 1622 1637 1663 a
1679 1603 1773 1684 te,
1816 1621 1898 1664 ne
1944 1601 2148 1685 pluris

239 1709 380 1752 esse
425 1689 653 1753 balbos
691 1710 885 1774 quam
921 1689 1194 1753 disertos
1232 1690 1438 1773 putes.
1509 1687 1616 1752 Me
1654 1688 1937 1790 quotidie
1975 1689 2150 1753 aliud

240 1797 318 1841 ex
371 1777 498 1841 alio
552 1777 848 1862 impedit3
913 1777 1051 1863 sed,
1107 1777 1188 1841 si
1215 1799 1317 1841 me
1362 1777 1729 1862 expediero,
1779 1780 1855 1841 ut
1907 1778 1979 1843 in
2020 1779 2152 1842 ista

239 1866 382 1930 loca
426 1866 644 1930 venire
688 1868 959 1952 possim,
1010 1889 1147 1931 non
1193 1867 1618 1952 committam,
1671 1869 1749 1984 ut
1797 1870 1864 1931 te
1920 1888 2062 1932 sero
2109 1870 2163 1931 a

238 1975 341 2018 me
389 1955 723 2020 certiorem
766 1956 1012 2021 factum
1056 1959 1265 2039 putee.

1121 2149 1266 2215 XX.

239 2259 354 2315 Scr.
390 2258 600 2316 Romae
635 2278 825 2319 mense
865 2261 1065 2317 Sextili
1102 2263 1254 2332 (post
1287 2261 1407 2317 VH.
1445 2260 1512 2317 K.
1553 2262 1723 2332 Sext.)
1757 2278 1808 2317 a.
1845 2281 1900 2318 n.
1938 2280 1986 2319 c.
2028 2270 2147 2320 708,

909 2385 1167 2442 CICERO
1203 2385 1462 2442 PAETO.

167 2507 198 2558 1
370 2483 729 2569 Dupliciter
782 2484 1136 2550 delectatus
1183 2507 1325 2551 sum
1368 2487 1499 2551 tuis
1543 2487 1802 2571 litteris,
1856 2491 1922 2552 et
1975 2490 2148 2573 quod

235 2572 374 2658 ipse
420 2575 533 2638 risi
578 2577 644 2639 et
689 2574 861 2659 quod
907 2576 972 2638 te
1014 2574 1304 2639 intellexi
1347 2577 1478 2640 iam
1522 2597 1713 2660 posse
1757 2576 1991 2661 ridere3
2045 2600 2148 2643 me

237 2652 453 2726 autem
500 2684 539 2726 a
580 2666 674 2746 te,
737 2666 813 2727 ut
873 2683 1159 2727 scurram
1223 2665 1507 2749 velitem,
1567 2665 1754 2729 malis
1809 2671 2151 2732 oneratum

235 2773 374 2816 esse
419 2773 556 2816 non
601 2752 872 2816 moleste
915 2752 1062 2816 tuli:
1115 2753 1276 2817 illud
1322 2753 1527 2838 dole0,
1569 2754 1641 2818 in
1685 2754 1813 2817 ista
1855 2755 2000 2819 loca
2045 2778 2148 2820 ve—

233 2841 373 2904 nire
419 2862 549 2923 me,
593 2844 669 2904 ut
714 2839 1204 2926 constitueram,
1254 2863 1391 2906 non
1443 2843 1757 2926 potuisse3
1808 2842 2149 2909 habuisses

235 2930 408 2993 enim
451 2950 589 2993 non
631 2928 976 3014 hospitem,
1025 2930 1137 2995 sed
1184 2932 1725 2997 contubernalem.
1817 2931 1910 2997 At
1955 2954 2146 3017 quem

375 3118 477 3188 Ep.
511 3125 673 3187 19,1.
730 3121 990 3176 discedis.
1025 3126 1127 3176 ten
1160 3122 1420 3191 (Graev.)
1495 3124 1572 3178 d.
1563 3122 1591 3163 9
1629 3128 1664 3178 t
1694 3124 1912 3196 vulgo.
1912 3155 1980 3164 -
2009 3128 2146 3190 †ve·

230 3203 378 3241 mese
411 3205 581 3257 neque
618 3191 836 3260 (MW.).
925 3195 1074 3246 venit
1110 3224 1177 3232 —
1215 3195 1307 3248 sed
1344 3195 1455 3261 (vel
1483 3196 1601 3264 etsi)
1638 3211 1807 3265 neque
1839 3196 1904 3249 id
1936 3196 2146 3264 ylon‘or

235 3258 348 3323 (vel
392 3258 575 3312 simile
622 3261 859 3331 aliquid)
914 3280 1083 3333 neque
1126 3265 1273 3318 hoc.
1333 3266 1460 3320 .ad
1504 3283 1662 3321 suam
1706 3287 1804 3333 —,·
1862 3282 1956 3336 eqo
2011 3266 2145 3350 (W.)

234 3328 335 3379 aut
377 3329 527 3381 venit
561 3359 628 3368 —
665 3338 850 3400 neque
884 3335 1102 3388 hoc..
1142 3352 1300 3389 suam
1336 3367 1402 3375 —
1414 3356 1436 3403 ;
1481 3352 1575 3407 09⁰
1621 3337 1730 3407 (W.
1733 3339 1769 3406 ).
1860 3338 2010 3392 venit
2044 3337 2146 3407 (sic

233 3394 409 3464 Sch.)·
463 3414 632 3465 neque
676 3402 774 3455 hoc
932 3422 1107 3459 suum.
1165 3423 1259 3476 eqo
1294 3406 1356 3460 B.
1413 3438 1481 3447 —
1538 3409 1614 3464 ad
1647 3424 1806 3464 suam
1842 3409 1976 3478 (Mu)
2071 3409 2147 3465 ad

230 3481 392 3519 suum
426 3466 645 3530 Bened.¹
683 3470 744 3525 B.
