2338 3691
255 100 383 214 228
821 148 895 202 M.
935 147 1182 202 TULLII
1218 146 1599 221 ommnoms

255 295 377 361 tibi
421 317 566 359 cum
611 295 905 378 impensa
947 315 1092 357 mea
1137 292 1489 377 exhibeam,
1534 293 1639 358 fac
1675 314 1776 359 me
1814 293 2174 359 certiorem.

186 398 219 447 2
258 382 326 449 Si
373 383 525 467 quid
570 383 641 446 in
692 405 762 447 re
815 383 1075 467 publica
1118 382 1327 447 maius
1380 386 1596 447 actum
1642 382 1790 465 erit,
1843 382 2016 466 quod
2061 381 2179 445 isti

258 472 534 557 operarii
577 472 791 536 minus
836 471 1167 536 commode
1203 471 1501 556 persequi
1536 471 1806 556 possint,
1850 473 1917 535 et
1952 491 2175 555 quem·

258 560 605 626 admodum
668 564 884 625 actum
958 561 1044 624 sit
1114 563 1182 624 et
1253 582 1415 643 quae
1487 560 1873 625 existimatio
1950 562 2180 624 secuta

259 671 547 734 quaeque
594 649 672 713 de
717 671 794 714 eo
842 670 988 733 spes
1035 648 1136 732 sit,
1182 648 1525 734 diligenter
1566 649 1689 732 tibi
1733 648 1858 733 ipsi
1902 648 2175 732 perscri-

256 738 499 802 bemus.
569 736 665 803 Ut
688 759 864 802 nunc
901 741 1017 821 est,
1050 738 1234 802 nulla
1269 759 1507 823 magno
1545 759 1738 822 opere
1776 737 2177 822 exspectatio

259 829 382 892 est:
435 849 588 891 nam
636 829 701 891 et
743 827 839 892 illi
882 847 1171 892 rumores
1230 825 1309 890 de
1355 822 1632 892 comitiis
1678 825 2179 910 Transpadano-

258 937 401 979 rum
448 913 798 980 Oumarum
839 918 1030 980 tenus
1086 915 1448 999 caluerunt,
1492 915 1769 981 Romam
1823 936 2020 1000 quum
2065 935 2176 978 ve-

258 1004 525 1087 nissem,
577 1025 660 1069 ne
706 1004 1153 1069 tenuissimam
1209 1004 1465 1088 quidem
1520 1004 1915 1071 auditionem
1968 1002 2046 1067 de
2093 1024 2180 1067 ea

257 1113 327 1157 re
391 1093 635 1177 accepi3
688 1097 1021 1178 praeterea
1073 1091 1418 1159 Marcellus
1426 1145 1445 1178 ,
1508 1094 1679 1177 quod
1743 1093 1951 1158 adhuc
2004 1091 2179 1156 nihil

258 1182 509 1246 rettulit
572 1181 649 1246 de
713 1182 1113 1248 successione
1167 1182 1644 1266 provinciarum
1689 1178 2041 1247 Galliarum
2107 1184 2182 1244 et

257 1272 328 1335 in
363 1269 692 1336 Kalendas
726 1269 968 1355 IuniaS,
1011 1274 1087 1335 ut
1130 1270 1290 1335 mihi
1335 1271 1473 1355 ipse
1519 1271 1698 1355 dixit,
1743 1292 1885 1335 eam
1922 1268 2182 1334 distulit

257 1359 665 1444 relationem,
728 1381 884 1425 sane
947 1381 1138 1443 quam
1203 1381 1314 1424 eos
1378 1381 1704 1425 sermones
1758 1360 1801 1440 †
1842 1358 2180 1444 expressit,

261 1449 371 1533 qui
415 1449 493 1513 de
541 1470 617 1513 eo
661 1452 802 1513 tum
845 1447 1124 1532 fuerant,
1171 1470 1369 1531 quum
1412 1448 1658 1514 Romae
1702 1470 1824 1514 nos
1870 1468 2177 1513 essemuS.

189 1550 220 1596 3
260 1536 359 1602 Tu
415 1538 470 1602 si
522 1535 927 1622 Pompeium,
989 1540 1065 1600 ut
1115 1537 1406 1621 volebas,
1469 1537 1818 1621 offendisti,
1883 1536 1992 1621 qui
2046 1535 2178 1600 tibi

258 1626 433 1690 visus
480 1626 564 1690 sit
609 1629 675 1689 et
719 1647 912 1709 quam
959 1626 1318 1692 orationem
1359 1626 1659 1691 habuerit
1699 1629 1914 1691 tecum
1951 1646 2176 1708 quam·

261 1735 383 1798 que
431 1714 784 1778 ostenderit
828 1715 1230 1779 voluntatem
1257 1715 1546 1779 ——solet
1588 1714 1762 1780 enim
1808 1713 1981 1779 aliud
2027 1734 2173 1777 sen-

258 1803 381 1867 tire
427 1805 493 1867 et
535 1803 713 1887 loqui
757 1823 966 1887 neque
1020 1806 1279 1869 tantum
1322 1804 1535 1871 valere
1579 1803 1871 1890 ingenio,
1915 1804 1990 1868 ut
2031 1823 2175 1868 non

189 1903 223 1950 4
262 1895 588 1976 appareat,
624 1891 777 1975 quid
814 1893 1033 1977 cupiat
1059 1929 1165 1977 —,
1199 1893 1305 1957 fac
1339 1893 1501 1957 mihi
1536 1892 1912 1978 perscribas.
1982 1889 2173 1967 Quod

260 1980 341 2044 ad
397 1978 762 2065 Caesarem,
825 1981 1032 2045 crebri
1086 1984 1152 2047 et
1204 2003 1339 2046 non
1391 1982 1545 2046 belli
1599 1981 1678 2047 de
1731 2003 1809 2047 eo
1863 2001 2172 2064 rumoreS,

260 2069 371 2133 sed
418 2072 852 2135 susurratores
898 2070 1258 2154 dumtaxat,
1311 2071 1604 2135 veniunt:
1669 2070 1834 2135 alius
1887 2070 2171 2154 equitem

256 2157 636 2243 perdidisse,
699 2158 897 2242 quod,
961 2160 1219 2243 opinor,
1282 2162 1452 2224 certe
1515 2159 1737 2224 fictum
1809 2163 1933 2243 est3
2004 2159 2171 2224 alius

259 2247 598 2331 septimam
649 2247 971 2332 legionem
1019 2249 1399 2332 vapulasse,
1460 2247 1676 2332 ipsum
1732 2248 1904 2333 apud
1956 2246 2170 2314 Bello-

257 2356 450 2400 vacos
496 2336 942 2400 circumsederi
987 2336 1406 2410 interclusum
1451 2337 1534 2401 ab
1577 2336 1825 2421 reliquo
1863 2338 2169 2403 exercitu:

257 2446 465 2509 neque
520 2424 729 2489 adhuc
793 2425 951 2488 certi
1016 2425 1366 2508 quidquam
1420 2427 1544 2507 est,
1604 2447 1813 2511 neque
1867 2426 2029 2493 haec
2070 2427 2170 2491 in-

258 2518 434 2578 certa
476 2517 697 2578 tamen
730 2513 927 2598 vulgo
964 2513 1308 2597 iactantur,
1354 2513 1465 2578 sed
1500 2514 1671 2578 inter
1705 2536 1965 2600 paucos,
2005 2538 2169 2600 quos

256 2605 330 2667 tu
391 2603 592 2686 nosti,
652 2603 871 2687 palam
934 2606 1179 2666 secreto
1250 2605 1623 2686 narrantur3
1695 2608 1766 2667 at
1825 2603 2171 2688 Domitius,

259 2714 456 2775 quum
500 2711 730 2755 manus
786 2690 867 2755 ad
922 2712 995 2756 os
1050 2692 1368 2775 apposuit.
1459 2690 1550 2756 Te
1595 2713 1651 2756 a.
1697 2691 1757 2756 d.
1802 2706 1980 2755 vnn.
2024 2692 2169 2758 Kal.

257 2779 478 2845 Iunias
533 2779 936 2844 subrostrani
981 2816 1065 2826 —
1123 2780 1294 2863 quod
1347 2781 1606 2844 illorum
1659 2781 1857 2865 capiti
1912 2782 2026 2847 sit!
2081 2818 2172 2831 —

257 2868 648 2953 dissiparant
691 2868 957 2953 perisse:
1002 2868 1161 2932 urbe
1208 2889 1283 2932 ac
1327 2868 1471 2934 foro
1516 2871 1656 2934 toto
1704 2870 2021 2936 maximus
2066 2894 2167 2937 ru·

256 2978 398 3023 mor
439 2957 568 3022 fuit
611 2960 676 3021 te
723 2978 763 3021 a
799 2954 872 3034 Q.
898 2954 1207 3040 Pompeio
1253 2956 1322 3021 in
1367 2957 1596 3024 itinere
1633 2958 1932 3024 occisum.
2003 2958 2169 3046 Ego,

395 3148 499 3217 Ep.
543 3156 590 3217 1,
619 3156 669 3204 2.
724 3150 830 3205 tibi
863 3150 977 3219 ipsi
991 3150 1389 3218 persev-ihomas
1416 3150 1747 3222 (Pluygers).
1818 3156 1856 3205 t.
1885 3168 1948 3221 p.
1979 3153 2166 3223 vulgo.

259 3247 326 3258 -
364 3219 680 3285 caluerunt,
723 3220 956 3275 Romam
993 3259 1007 3274 .
1030 3261 1072 3274 ..
1111 3221 1325 3290 accepi;
1360 3227 1648 3290 praeterea
1693 3221 1844 3291 (W.).
1917 3224 2053 3290 ραις
2095 3223 2167 3279 R.

262 3326 276 3340 .
297 3326 344 3340 ..
383 3290 581 3356 accepi.
659 3289 757 3344 Pr.
795 3290 985 3361 vulgo.
1034 3321 1101 3331 —
1155 3296 1193 3358 †
1221 3293 1483 3361 expressit
1529 3293 1624 3360 (W
1626 3296 1678 3362 .).
1759 3296 2017 3362 repressit
2062 3295 2170 3364 (L.)

257 3359 358 3410 aut
383 3360 587 3425 pressit
623 3358 775 3428 (Or.).
850 3360 1162 3433 [exJpn-essit
1197 3363 1259 3416 B.
1299 3393 1366 3403 -
1404 3379 1638 3420 essemus·
1663 3380 1797 3419 wna.
1874 3365 1965 3420 Tu
2001 3365 2170 3435 (Kay-

257 3429 367 3495 ser)
375 3433 405 3549 ἶ
420 3498 430 3509 .
466 3434 562 3563 {tw
573 3430 719 3566 {god
755 3432 950 3488 attinet
986 3434 1063 3489 acl
1100 3433 1379 3490 Gaesarem
1421 3436 1593 3506 (W.)?
1630 3466 1696 3476 —
1743 3437 1890 3507 quod
1923 3438 2171 3507 ipsorum

256 3511 382 3566 capt
406 3513 428 3550 ι
565 3538 577 3551 .
