2338 3691
779 103 1297 188 EPISTULARUM
1333 134 1426 188 VI.
1465 140 1513 187 4.
1984 134 2111 199 165

184 274 542 359 Reliquum
589 280 706 362 est,
748 280 824 341 ut
865 281 930 342 te
978 281 1208 364 angat,
1258 280 1428 363 quod
1474 279 1646 344 absis
1692 301 1732 344 a
1773 279 1906 344 tuis
1948 282 2112 344 tam·
2149 291 2182 341 3
2287 343 2292 348 .

187 363 331 429 diu:
386 386 491 429 res
545 366 845 452 molesta,
897 367 1277 451 praesertim
1323 367 1404 432 ab
1457 368 1537 432 iis
1583 368 1826 453 pueris,
1881 368 2113 453 quibus

186 453 359 518 nihil
404 457 622 539 potest
667 476 804 521 esse
849 455 1171 541 festivius3
1217 456 1346 541 sed,
1390 460 1466 521 ut
1510 457 1591 522 ad
1634 461 1701 522 te
1740 458 1966 543 scripsi
2002 478 2114 522 an·

187 546 318 628 tea,
364 546 621 629 tempus
669 547 768 608 est
809 543 1198 631 huiusmodi,
1241 549 1316 610 ut
1361 567 1545 610 suam
1584 546 1851 631 quisque
1898 546 2112 612 condi-

190 631 450 697 cionem
496 633 918 698 miserrimam
1007 637 1148 699 utet
1202 637 1296 719 et,
1355 635 1469 699 ubi
1534 636 1802 720 quisque
1859 635 1970 721 sit,
2022 636 2116 699 ibi

190 743 335 786 esse
382 721 646 786 minime
692 723 863 787 velit.
952 657 1296 808 Equidem,
1333 745 1455 788 nos
1540 727 1649 806 qui
1718 723 1965 789 Romae
2012 746 2113 789 su-

192 832 367 895 mus,
431 811 820 878 miserrimos
916 832 1053 877 esse
1109 812 1302 897 duco,
1363 834 1500 878 non
1555 814 1765 877 solum
1820 812 1992 898 quod
2044 814 2116 876 in

191 900 386 964 malis
425 900 724 966 omnibus
763 901 1053 966 acerbius
1090 904 1191 967 est
1225 901 1439 966 videre
1487 924 1681 986 quam
1726 897 1963 987 audire,
2003 902 2114 966 sed

194 989 396 1053 etiam
442 988 615 1074 quod
660 990 743 1054 ad
788 1011 1010 1055 omnes
1056 1011 1244 1056 casus
1291 991 1651 1056 subitorum
1685 991 2116 1075 periculorum

194 1078 411 1163 magis
456 1078 691 1144 obiecti
736 1101 982 1165 sumus,
1037 1102 1232 1164 quam
1279 1080 1333 1144 si
1388 1080 1781 1164 abessemus3
1835 1080 1959 1144 etsi
2011 1102 2114 1144 me

192 1168 442 1251 ipsum,
507 1169 976 1233 consolatorem
1037 1172 1252 1254 tuum,
1321 1190 1456 1234 non
1527 1172 1785 1234 tantum
1846 1168 2116 1253 litterae,

197 1256 440 1340 quibus
487 1278 738 1341 semper
792 1257 1036 1341 studui,
1091 1260 1409 1342 quantum
1459 1257 1905 1343 longinquitas
1956 1261 2115 1321 tem·

196 1345 380 1449 poris
427 1345 766 1431 mitigarit.
858 1345 1114 1422 Quanto
1159 1347 1394 1412 fuerim
1440 1348 1687 1431 dolore,
1739 1346 2115 1410 meministi.
2153 1360 2187 1407 4

195 1435 269 1498 ιιι
326 1456 458 1518 quo
514 1435 725 1519 prima
776 1436 890 1499 illa
944 1436 1303 1501 consolatio
1358 1439 1482 1521 est,
1535 1436 1769 1501 vidisse
1823 1456 1925 1500 me
1970 1436 2118 1519 plus

198 1545 401 1607 quam
446 1527 710 1608 ceteroS,
755 1546 954 1609 quum
999 1525 1335 1609 cupiebam
1373 1526 1663 1610 quamvis
1699 1524 1924 1608 iniqua
1970 1545 2116 1590 con-

201 1612 456 1676 dicione
500 1634 745 1697 pacem,
788 1613 959 1697 quod
996 1614 1118 1678 etsi
1155 1635 1326 1698 casu,
1370 1635 1507 1679 non
1543 1614 1938 1679 divinatione
1975 1634 2119 1678 mea

199 1700 451 1765 factum
507 1704 630 1785 est,
683 1704 906 1766 tamen
957 1702 1030 1766 in
1080 1702 1218 1767 hac
1258 1703 1440 1767 inani
1494 1702 1874 1787 prudentiae
1929 1701 2152 1766 laude

204 1790 515 1874 delector3
559 1790 808 1876 deinde,
853 1790 1026 1876 quod
1071 1791 1232 1857 mihi
1278 1790 1359 1856 ad
1396 1792 1905 1857 consolationem
1949 1812 2118 1856 com-

203 1901 401 1944 mune
446 1882 661 1944 tecum
706 1884 821 1963 est,
867 1881 924 1945 si
958 1881 1089 1945 iam
1124 1902 1317 1946 vocer
1353 1882 1435 1945 ad
1472 1882 1713 1946 exitum
1758 1881 1947 1966 vitae,
1984 1902 2121 1945 non

204 1968 288 2032 ab
343 1989 423 2033 ea
475 1990 544 2032 re
597 1969 857 2053 publica
911 1970 1177 2054 avellar,
1233 1992 1361 2054 qua
1414 1970 1763 2035 carendum
1816 1991 1954 2034 esse
2010 1968 2119 2034 do·

201 2058 395 2141 leam,
439 2058 818 2141 praesertim
863 2080 1061 2142 quum
1104 2058 1172 2123 id
1228 2059 1365 2123 sine
1413 2059 1545 2124 ullo
1594 2081 1785 2123 sensu
1829 2058 2121 2123 futurum

205 2145 316 2228 sit3
385 2145 648 2211 adiuvat
710 2147 905 2211 etiam
970 2149 1149 2211 aetas
1214 2150 1280 2211 et
1343 2150 1488 2212 acta
1540 2148 1671 2211 iam
1733 2148 1893 2231 vita,
1958 2169 2119 2231 quae

203 2256 408 2318 quum
453 2255 643 2299 cursu
689 2257 805 2299 suo
851 2235 1016 2299 bene
1063 2236 1357 2301 confecto
1406 2236 1707 2320 delectat,
1759 2238 1900 2300 tum
1944 2238 2122 2300 vetat

202 2324 287 2386 in
321 2343 400 2387 eo
446 2323 578 2388 vim
620 2323 874 2409 timere,
920 2346 1046 2409 quo
1091 2346 1214 2389 nos
1257 2325 1391 2389 iam
1433 2329 1669 2390 natura
1720 2324 1863 2409 ipsa
1916 2345 2121 2426 paene

202 2411 601 2496 perduxerit3
661 2416 988 2497 postremo
1042 2413 1100 2477 is
1157 2413 1256 2478 vir
1318 2414 1421 2478 vel
1476 2414 1670 2478 etiam
1723 2413 1771 2476 ιι
1824 2413 1945 2479 viri
1996 2412 2123 2477 hoc

203 2500 378 2565 bello
437 2500 835 2586 occiderunt,
896 2503 971 2567 ut
1031 2501 1434 2588 impudentia
1495 2502 1790 2567 videatur
1854 2500 2124 2566 eandem

203 2589 568 2674 fortunam,
633 2590 687 2654 si
750 2611 853 2654 res
909 2593 1127 2675 cogat,
1180 2612 1492 2656 recusare.
1580 2589 1902 2675 Equidem
1962 2589 2124 2654 mihi

206 2677 430 2743 omnia
474 2700 769 2763 propono
816 2700 935 2743 nec
972 2679 1179 2743 ullum
1215 2666 1313 2745 est
1346 2683 1606 2744 tantum
1646 2679 1905 2781 malum,
1952 2677 2124 2761 quod

204 2788 341 2831 non
379 2770 604 2851 putem
639 2767 1033 2851 impendere3
1080 2768 1210 2852 sed,
1246 2791 1445 2852 quum
1480 2769 1627 2853 plus
1670 2768 1742 2832 in
1778 2766 2122 2831 metuendo

206 2855 364 2920 mali
411 2855 498 2920 sit
551 2877 747 2940 quam
789 2856 860 2920 in
905 2856 1046 2941 ipso
1101 2857 1243 2941 illo,
1298 2857 1469 2942 quod
1522 2857 1814 2941 timetur,
1866 2859 2126 2944 metuere

208 2944 454 3029 desino,
498 2945 879 3029 praesertim
924 2967 1123 3029 quum
1166 2946 1233 3024 id
1268 2945 1655 3031 impendeat,
1698 2944 1770 3008 in
1816 2964 1942 3028 quo
1987 2937 2125 3007 non

206 3033 399 3098 modo
447 3032 634 3098 dolor
676 3034 921 3117 nullus,
964 3056 1189 3098 verum
1232 3034 1382 3099 finis
1427 3035 1622 3098 etiam
1669 3033 1907 3097 doloris
1951 3032 2124 3097 futu-

206 3143 315 3186 rus
384 3121 487 3187 sit.
589 3119 713 3186 Sed
776 3120 937 3186 haec
1001 3123 1158 3187 satis
1222 3124 1428 3188 multa
1485 3123 1588 3187 vel
1640 3122 1829 3205 plura
1890 3120 2125 3205 potius,

329 3256 436 3326 Ep.
473 3263 532 3322 4,
569 3263 616 3310 3.
685 3270 809 3323 noe,
853 3258 953 3326 qui
995 3257 1117 3326 (M.)
1162 3257 1236 3315 R.
1271 3274 1343 3323 a,
1376 3256 1707 3311 miserrimos
1742 3255 1852 3322 (M
1876 3262 1903 3308 1
1939 3257 2124 3310 miser·

199 3326 360 3391 ηἠιο)
379 3275 458 3383 pa
513 3323 740 3393 (Klotz).
822 3342 923 3380 nos
1007 3326 1120 3379 uod
1163 3326 1244 3378 R.
1291 3341 1363 3390 3.,
1415 3324 1781 3378 miserrimum
1834 3321 1929 3385 (M.
1977 3324 2031 3387 2)
2068 3336 2124 3381 e.

204 3392 456 3472 (vulgore
583 3397 632 3446 4.
683 3393 889 3473 [aerim
925 3392 995 3446 do
1019 3408 1110 3447 ore
1145 3392 1263 3513 (ἐξ,
1250 3363 1503 3470 ,vtilgo).
1573 3389 1619 3455 f.
1659 3390 1720 3443 in
1758 3389 1810 3446 d.
1847 3389 1928 3449 L..
1966 3386 2029 3440 Β.
2060 3414 2117 3425 -

201 3466 385 3514 tamen
423 3460 492 3514 in
532 3459 636 3514 hac
676 3460 843 3516 inani
877 3459 1012 3529 (M).
1081 3465 1120 3514 t.
1234 3474 1262 3513 c
1294 3457 1461 3512 inani
1496 3454 1667 3519 Crat,
1714 3453 1776 3507 Β.
1814 3483 1881 3492 -—
1914 3457 1980 3506 ut
2022 3451 2121 3503 im-

200 3526 463 3594 pudentis
497 3527 640 3594 (L.)?
