2338 3691
730 118 1246 174 EPISTOLARUM
1285 119 1434 173 VIII.
1474 125 1630 175 6-8.
2002 119 2131 184 237

209 261 467 345 loquor,
513 265 581 327 et
624 263 926 349 dignitati
968 267 1122 329 tuae
1163 236 1632 349 aequitatisque
1673 264 1964 349 opinioni
2008 264 2136 331 hoc

209 350 314 414 ita
358 350 569 417 facere
616 353 887 436 expedit.
959 352 1175 439 Turpe
1219 353 1339 418 tibi
1386 353 1509 418 erit
1551 352 1905 439 pantheras
1942 352 2133 419 Grae·

209 460 329 504 cas
374 461 477 505 me
519 461 658 507 non
699 441 952 506 habere.

1103 635 1254 701 VII.

552 746 666 802 Sor.
704 748 916 804 Romae
953 748 1132 804 Nonis
1167 748 1388 803 Martiis
1427 764 1476 803 a.
1516 765 1569 802 u.
1607 765 1656 803 c.
1695 753 1815 803 ⁷04.

743 871 1047 929 OAELIUS
1085 871 1429 928 CICERONI
1468 871 1618 927 SAL.

353 970 562 1047 Quam
599 971 727 1037 cito
767 975 842 1036 tu
879 973 1071 1037 istinc
1108 972 1411 1037 decedere
1451 972 1690 1057 cupias,
1716 972 1966 1055 nesci03
2011 992 2133 1057 ego
2176 987 2202 1034 1

209 1058 478 1144 quidem
534 1081 610 1125 eo
665 1061 901 1146 magiS,
956 1083 1083 1145 quo
1138 1061 1349 1125 adhuc
1402 1061 1653 1126 felicius
1713 1082 1815 1126 res
1861 1061 2136 1146 gessisti,

210 1148 374 1213 dum
417 1149 563 1213 istic
608 1149 760 1232 eris,
805 1149 883 1213 de
928 1150 1081 1214 belli
1124 1148 1412 1214 Parthici
1455 1150 1739 1234 periculo
1786 1150 2136 1231 cruciabor,

207 1258 301 1300 ne
344 1236 520 1301 hunc
565 1238 767 1301 risum
811 1259 1028 1303 meum
1072 1242 1283 1303 metus
1321 1239 1520 1322 aliqui
1561 1239 1910 1322 perturbet.
1981 1235 2135 1301 Bre-

210 1324 428 1389 viores
484 1326 602 1390 has
657 1327 905 1391 litteras
959 1327 1336 1411 properanti
1388 1327 1882 1411 publicanorum
1934 1326 2133 1389 tabel-

210 1414 381 1478 lario
428 1414 643 1480 subito
692 1414 862 1498 dedi3
921 1419 1035 1481 tuo
1091 1416 1325 1481 liberto
1380 1415 1672 1500 pluribus
1728 1414 1938 1479 verbis
1985 1414 2134 1479 scri·

211 1506 366 1586 ptas
412 1503 616 1586 pridie
662 1503 978 1568 dederam.
1050 1504 1181 1569 Res
1227 1508 1445 1569 autem
1480 1526 1688 1569 novae
1725 1504 1942 1568 nullae
1980 1524 2135 1567 sane
2173 1515 2203 1563 2

213 1590 609 1675 acciderunt,
652 1592 781 1656 nisi
824 1592 984 1658 haec
1028 1594 1126 1658 vis
1171 1593 1293 1657 tibi
1331 1594 1541 1676 scribi,
1587 1615 1749 1676 quae
1796 1596 1968 1656 certe
2012 1591 2134 1656 vis:

215 1676 601 1745 Cornificius
647 1680 1019 1745 adolescens
1065 1680 1405 1746 Orestillae
1449 1681 1651 1745 filiam
1696 1681 1819 1746 sibi
1864 1681 2134 1764 despon-

215 1766 341 1852 dit3
402 1767 630 1833 Paulla
683 1769 973 1854 Valeria,
1042 1792 1224 1834 soror
1283 1770 1544 1854 Triarii,
1598 1770 1944 1835 divortium
1998 1769 2134 1834 sine

217 1878 435 1941 causa,
482 1880 608 1942 quo
657 1859 759 1923 die
804 1860 904 1923 vir
949 1880 983 1923 e
1028 1860 1364 1944 provincia
1407 1863 1718 1925 venturus
1754 1863 1912 1943 erat,
1954 1859 2133 1924 fecit:

216 1949 506 2029 nuptura
569 1950 670 2012 est
729 1946 809 2012 D.
872 1946 1104 2031 Bruto3
1179 1948 1471 2014 nondum
1527 1946 1564 1984 ²⁸²
1607 1947 1643 1984 ²⁸²
1688 1950 1731 2030 †
1774 1947 2133 2012 rettuleras.

216 2032 432 2098 Multa
475 2036 546 2098 in
590 2036 714 2101 hoc
761 2056 994 2121 genere
1039 2036 1441 2101 incredibilia
1474 2039 1541 2101 te
1582 2037 1848 2101 absente
1893 2036 2134 2101 accide-

216 2127 394 2186 runt.
485 2121 742 2189 Servius
797 2124 1017 2189 Ocella
1070 2125 1316 2190 nemini
1373 2125 1799 2209 persuasisset
1850 2146 1919 2190 se
1964 2145 2134 2189 moe-

218 2211 416 2276 chum
452 2234 607 2295 esse,
651 2213 778 2277 nisi
813 2213 1027 2278 triduo
1064 2214 1166 2278 bis
1204 2213 1636 2297 deprehensus
1675 2216 1860 2278 esset.
1933 2211 2134 2288 Quae-
2197 2278 2219 2286 -

214 2322 352 2364 res:
379 2301 615 2384 „ubi‘?“
653 2302 762 2366 ubi
786 2301 1078 2367 hercules
1107 2323 1228 2387 ego
1259 2302 1523 2366 minime
1549 2301 1804 2366 vellem:
1840 2302 2133 2385 relinquo

214 2389 368 2471 tibi,
430 2389 599 2473 quod
655 2390 737 2454 ab
794 2391 938 2454 aliis
992 2412 1291 2474 quaeras3
1353 2412 1561 2474 neque
1616 2391 1788 2455 enim
1842 2390 2136 2474 displicet

214 2477 381 2542 mihi
424 2478 878 2563 imperatorem
924 2479 1216 2565 singulos
1258 2479 1641 2563 percontari,
1686 2500 1832 2544 cum
1856 2500 2007 2563 ‚qua
2051 2479 2137 2543 sit

216 2566 421 2651 aliqui
468 2568 920 2652 deprehensus„

1086 2741 1269 2808 VIII.

407 2857 523 2913 Sor.
561 2857 776 2912 Romae
811 2856 1041 2911 ineunte
1077 2872 1267 2911 mense
1306 2854 1536 2911 Octobri
1572 2871 1623 2910 a.
1661 2873 1714 2909 u.
1753 2871 1800 2910 c.
1839 2860 1955 2909 708.

736 2977 1040 3035 CAELIUS
1080 2979 1422 3035 CICERONI
1461 2978 1610 3034 SAL.

352 3080 524 3165 Etsi,
578 3080 657 3145 de
711 3102 781 3144 re
848 3080 1107 3165 publica
1161 3102 1324 3164 quae
1369 3080 1491 3144 tibi
1545 3079 1847 3163 scribam,
1907 3079 2137 3163 habeo,
2176 3101 2202 3150 1

215 3176 440 3236 tamen
471 3170 654 3254 nihil,
685 3169 856 3254 quod
893 3170 1101 3255 magis
1140 3169 1513 3254 gavisurum
1549 3172 1615 3233 te
1650 3170 1891 3252 putem,
1925 3168 2133 3233 habeo

362 3327 463 3397 Ep.
504 3334 562 3396 7,
603 3333 650 3382 1.
723 3327 954 3396 yessisti,
1003 3327 1134 3381 dum
1183 3327 1339 3395 (W.).
1439 3326 1665 3393 qessisti.
1738 3325 1892 3379 Dum
1944 3325 2131 3394 vulgo.

217 3405 268 3452 2.
331 3398 537 3455 Paulla
577 3398 808 3468 (vulgo).
895 3397 1084 3452 Paula
1117 3397 1247 3451 ΜΒ.
1287 3427 1352 3436 -
1399 3397 1644 3450 nondwm
1681 3397 1710 3431 ³¹·
1729 3398 1759 3432 *
1787 3399 1823 3459 †
1850 3396 2134 3449 rettulerae

219 3476 359 3545 (Μ.).
420 3492 475 3530 n.
511 3491 597 3531 res
640 3491 774 3531 suas
810 3472 920 3543 (vel
955 3473 1149 3537 dotem)
1195 3468 1479 3523 rettulerat
1515 3465 1610 3534 (W
1612 3467 1700 3534 .).?
1761 3464 2006 3518 nondum
2040 3465 2141 3513 ret·

221 3549 451 3603 tuleram
487 3547 546 3602 G.
583 3547 645 3601 F.
684 3544 992 3601 Hermanni
1026 3540 1191 3611 conj,
1229 3539 1290 3592 B.
2182 3601 2326 3659 Δ.
