2338 3691
170 1598 199 1647 1

882 907 1102 965 11101111
1137 906 1513 963 summus.

461 1034 614 1104 AD.
674 1034 763 1102 M.
815 1033 1220 1101 MARIUM
1283 1033 1410 1100 ΕΤ
1466 1028 1931 1099 CETEROS.

1162 1208 1215 1276 L

804 1330 918 1388 Scr.
956 1330 1167 1386 Romae
1207 1347 1255 1385 a.
1294 1349 1348 1386 u.
1387 1347 1434 1385 c.
1463 1336 1582 1386 699.
1636 1314 1639 1317 Δ

709 1474 784 1529 Μ.
823 1472 1080 1529 CICERO
1122 1473 1174 1527 S.
1213 1472 1280 1526 D.
1316 1473 1391 1527 M.
1428 1470 1677 1527 MARIO.

373 1581 443 1648 Si
485 1586 552 1648 te
598 1582 781 1648 dolor
834 1582 1033 1667 aliqui
1089 1581 1374 1666 corporis
1430 1584 1544 1646 aut
1594 1580 1936 1645 infirmitas
1983 1582 2160 1646 vale·

237 1672 480 1736 tudinis
534 1673 685 1736 tuae
739 1671 976 1755 tenuit,
1037 1692 1164 1755 quo
1222 1670 1435 1734 minus
1494 1669 1575 1733 ad
1637 1668 1823 1733 ludos
1879 1670 2157 1754 venires,

223 1760 537 1824 fortunae
601 1759 809 1843 magis
870 1759 1086 1825 tribuo
1151 1779 1344 1843 quam
1399 1757 1749 1842 sapientiae
1802 1761 1983 1840 tuae3
2046 1758 2151 1822 sin

236 1847 415 1932 haec,
461 1869 623 1933 quae
661 1848 856 1912 ceteri
891 1848 1228 1932 mirantur,
1274 1847 1745 1912 contemnenda
1780 1845 2020 1911 duxisti
2065 1853 2150 1933 et,

239 1958 437 2020 quum
490 1958 606 2021 per
662 1936 1095 2002 valetudinem
1157 1956 1380 2021 posses
1389 1986 1407 2019 ,
1468 1935 1686 2001 venire
1748 1937 1969 1999 tamen
2031 1956 2147 1999 no-

235 2025 441 2109 luisti,
491 2029 837 2127 utrumque
881 2026 1113 2108 laetor,
1168 2027 1236 2088 et
1279 2023 1417 2088 sine
1463 2024 1682 2089 dolore
1738 2023 2025 2108 corporis
2080 2027 2147 2088 te

235 2113 435 2178 fuisse
482 2117 548 2177 et
592 2114 807 2179 animo
853 2113 1148 2197 valuisse,
1194 2133 1392 2196 quum
1438 2133 1530 2197 ea,
1575 2132 1738 2195 quae
1777 2112 1915 2176 sine
1951 2132 2147 2176 causa

235 2202 554 2267 mirantur
599 2203 734 2287 alii,
787 2201 1174 2289 neglexeris,
1235 2199 1426 2265 modo
1491 2203 1566 2264 ut
1616 2200 1737 2264 tibi
1783 2200 2147 2265 constiterit

234 2290 483 2355 fructus
549 2291 666 2355 otii
728 2291 853 2376 tui,
915 2312 1041 2374 quo
1098 2288 1356 2374 quidem
1408 2287 1529 2353 tibi
1582 2288 1826 2373 perfrui
1879 2289 2144 2353 mirifice

234 2377 442 2462 licuit,
497 2401 694 2463 quum
749 2400 922 2444 esses
977 2379 1047 2442 in
1089 2378 1220 2442 ista
1264 2376 1652 2442 amoenitate
1706 2398 1912 2461 paene
1969 2378 2143 2443 solus

235 2466 515 2532 relictus.
603 2466 704 2532 Ne
708 2488 829 2551 que
874 2470 1097 2531 tamen
1140 2465 1393 2549 dubito,
1438 2465 1594 2549 quin
1638 2468 1714 2529 tu
1766 2465 1837 2529 in
1878 2465 1993 2530 illo
2041 2486 2144 2530 cu—

234 2555 447 2621 biculo
511 2559 654 2639 tuo,
717 2576 795 2619 ex
858 2577 984 2638 quo
1048 2553 1169 2618 tibi
1228 2551 1607 2620 Stabianum
1670 2553 2017 2638 perforasti
2081 2557 2147 2619 01

233 2643 596 2728 patefecisti
636 2606 980 2727 Misenum,
1024 2663 1140 2727 per
1178 2663 1287 2708 eos
1324 2641 1458 2706 dies
1491 2641 1815 2706 matutina
1849 2645 2147 2727 tempora

233 2732 638 2798 lectiunculis
683 2731 1178 2820 consumpseriS,
1224 2752 1420 2814 quum
1465 2730 1561 2794 illi
1603 2730 1877 2831 interea,
1922 2731 2036 2814 qui
2078 2734 2143 2796 10

233 2821 379 2885 10110
431 2815 854 2920 reliquerunt,
917 2822 1285 2903 spectarent
1336 2839 1707 2884 communes
1760 2819 1994 2885 mimos
2050 2841 2144 2884 se-

233 2908 553 2974 misomni.
624 2906 931 2992 Reliquas
977 2928 1126 2973 vero
1175 2909 1392 2991 partes
1437 2906 1564 2971 diei
1606 2910 1679 2971 tu
1717 2907 2143 2972 consumebas

233 2997 313 3060 iis
351 2995 901 3079 delectationibus,
938 3017 1096 3092 quas
1132 2995 1254 3060 tibi
1289 2995 1428 3079 ipse
1466 2994 1548 3059 ad
1584 2995 1921 3060 arbitrium
1955 2998 2143 3061 tuum

234 3103 662 3167 compararas,
696 3083 886 3148 nobis
924 3080 1139 3147 aut'em
1176 3086 1363 3147 erant
1397 3104 1474 3147 ea
1508 3082 1942 3169 perpetienda,
2019 3106 2144 3149 uae

237 3166 342 3249 Sp.
387 3133 672 3234 Maecius
717 3171 1134 3253 probavisset.
1226 3168 1526 3255 Omnino,
1572 3172 1628 3236 si
1672 3171 1953 3257 quaeris,
2030 3172 2144 3237 udi

235 3255 737 3353 apparatissimi,
795 3258 906 3323 sed
959 3279 1095 3324 non
1137 3259 1237 3324 tui
1300 3259 1641 3342 stomachi3
1705 3260 2142 3325 coniecturam

236 3341 409 3402 enim
451 3340 620 3404 facio
667 3342 746 3405 de
790 3365 959 3410 meo:
1006 3367 1158 3410 nam
1202 3346 1485 3431 primum
1527 3308 1792 3413 honoris
1837 3368 2033 3414 causa
2068 3350 2142 3413 in

236 3446 495 3489 scenam
547 3427 869 3493 redierant
927 3432 1003 3515 11,
1066 3455 1227 3516 quos
1291 3455 1411 3521 ego
1474 3434 1738 3500 honoris
1802 3456 1998 3503 causa
2058 3437 2141 3502 de
