2338 3691
224 136 353 201 376
448 139 522 193 Μ.
553 139 798 194 TULLII
826 137 1206 193 CICERONIS
1235 138 1756 194 EPISTOLARUM
1784 141 1877 193 XL
1909 147 1975 194 29

221 287 373 368 post
416 291 627 349 meum
665 283 960 369 reditum,
1006 306 1200 368 quam
1236 284 1640 349 familiariter
1675 306 1925 349 mecum
1965 284 2140 349 vixe-

221 374 336 451 riS‚
382 394 670 457 quaeque
718 393 838 457 ego
886 372 963 437 de
1008 376 1073 437 te
1121 377 1186 437 et
1233 374 1540 438 senserim
1586 377 1652 438 et
1694 373 2141 458 praedicarim,

222 483 463 542 omnes,
512 461 622 545 qui
669 461 880 525 solent
921 461 1081 526 haec
1123 462 1651 547 animadvertere,
1693 465 1893 527 testes
1938 462 2133 526 habe·

219 573 390 633 mus3
454 550 903 634 gravissimum
965 573 1116 615 vero
1182 551 1486 616 iudicium
1550 550 1627 615 de
1681 573 1827 615 mea
1878 551 2003 615 fide
2069 553 2135 613 et

220 638 587 704 constantia
632 639 867 723 fecisti,
923 661 1119 724 quum
1174 643 1325 724 post
1376 643 1651 705 mortem
1698 637 1990 704 Caesaris
2035 642 2132 702 to-

217 730 359 792 tum
414 731 477 792 te
532 728 612 792 ad
669 728 1016 792 amicitiam
1062 751 1273 793 meam
1320 729 1690 813 contulisti,
1719 729 1901 813 ‘quod
1945 731 2133 792 tuum

217 816 523 881 iudicium
559 818 687 882 nisi
722 839 866 881 mea
905 839 1155 882 summa
1192 818 1641 883 benevolentia
1687 838 1843 903 erga
1886 821 1949 881 te
1996 837 2132 881 om-

217 905 535 990 nibusque
598 906 844 971 meritis
908 907 1331 1008 comprobaro
1346 958 1364 992 ,
1434 908 1598 992 ipse
1637 916 1738 971 me
1802 904 2133 971 hominem

149 1005 180 1054 3
218 1016 354 1059 non
416 994 678 1079 putabo.
770 995 895 1080 Ta,
958 996 1048 1059 mi
1112 994 1308 1081 Oppi,
1371 995 1780 1060 conservabis
1845 1015 2132 1059 amorem

217 1086 403 1148 tuum
430 1121 513 1130 —
544 1085 666 1148 etsi
709 1105 888 1149 more
933 1085 1142 1169 magis
1188 1085 1311 1150 hoc
1359 1085 1614 1168 quidem
1661 1084 1889 1167 scribo,
1935 1104 2134 1166 quam

219 1195 344 1257 quo
390 1176 455 1237 te
502 1172 978 1238 admonendum
1021 1177 1245 1257 putem
1285 1211 1368 1220 —
1417 1194 1683 1257 meaque
1731 1171 1948 1238 omnia
1992 1175 2131 1235 tue·

213 1261 392 1327 bere:
449 1284 611 1347 quae
665 1262 786 1326 tibi
840 1283 922 1326 ne
968 1263 1196 1348 ignota
1242 1266 1486 1346 essent,
1531 1261 1751 1326 Attico
1799 1260 2134 1342 mandavi3

217 1373 255 1415 a
300 1372 402 1415 me
449 1355 685 1437 autem,
731 1372 928 1435 quum
972 1353 1262 1435 paullum
1308 1352 1424 1417 otii
1468 1352 1644 1415 nacti
1677 1351 1929 1433 erimus,
1974 1349 2132 1413 ube-

215 1440 415 1505 riores
460 1441 708 1505 litteras
764 1444 1149 1524 exspectato.
1239 1440 1343 1505 Da
1407 1461 1695 1525 operam,
1756 1443 1831 1503 ut
1883 1439 2132 1502 valeas:

215 1529 339 1594 hoc
385 1528 545 1594 mihi
592 1528 839 1615 gratius
883 1529 1094 1594 facere
1140 1529 1305 1595 nihil
1350 1532 1553 1614 potes.

355 1756 460 1828 Ep.
498 1762 585 1826 29,
612 1763 662 1813 2.
732 1758 1018 1825 habenam
1051 1773 1153 1828 qr„
1172 1773 1295 1814 vero
1333 1757 1485 1827 (W.).
1556 1756 1607 1812 λ.
1662 1754 1764 1812 Gr.
1799 1771 1848 1810 υ.
1886 1754 2076 1825 vulgo.
