2338 3691
720 141 1236 197 EPISTOLARUM
1273 142 1419 196 X111.
1459 148 1686 197 29-32.
2023 144 2154 207 449

243 287 623 355 commendo
651 288 721 352 in
746 288 1095 372 primisque
1123 287 1356 372 ipsum,
1389 287 1599 351 virum
1628 287 1944 372 optimum
1971 289 2156 353 mihi-

244 399 367 463 que
393 377 985 460 familiarissimum‚
1020 376 1105 440 iis
1137 375 1367 440 studiis
1403 376 1762 440 litterarum
1800 376 2155 443 doetrinae·

247 489 368 552 que
415 465 796 550 praeditum,
843 465 1073 548 quibus
1119 485 1244 550 ego
1287 465 1562 528 maxime
1610 464 1907 530 delector.
1996 465 2154 532 Peto
2192 477 2229 527 Ω

245 556 448 641 igitur
491 555 608 619 abs
654 556 738 638 te,
782 556 857 618 ut
902 576 1075 636 eum,
1120 553 1253 618 sive
1301 553 1506 617 aderit
1551 554 1683 618 sive
1728 575 1866 620 non
1909 556 2158 620 venerit

243 644 318 708 in
364 641 673 727 Siciliam,
725 643 796 706 in
840 643 999 707 meis
1045 643 1294 706 intimis
1337 642 1735 726 maximeque
1779 644 2156 708 necessariis

246 734 414 797 scias
469 753 607 797 esse
659 732 877 815 itaque
929 734 1168 797 tractes
1178 781 1196 815 ‚
1258 734 1333 795 ut
1394 731 1719 817 intelligat
1771 753 1979 797 meam
2034 733 2158 798 sibi

247 820 875 887 commendationem
920 840 1159 906 magno
1208 819 1578 885 adiumento
1623 820 1840 887 fuisse.

1078 1014 1321 1081 XXXI.

810 1127 924 1183 Sor.
962 1127 1172 1183 Romae
1210 1145 1259 1182 a.
1297 1146 1350 1182 u.
1389 1145 1434 1183 e.
1475 1132 1594 1183 708.

597 1251 854 1308 CICERO
893 1251 1132 1308 ACILIO
1171 1250 1626 1308 PROCONSULI
1663 1249 1814 1306 SAL.

387 1349 456 1418 C.
501 1351 752 1437 Flavio,
813 1353 1088 1418 honesto
1154 1356 1221 1417 et
1283 1354 1514 1418 ornato
1579 1351 1791 1435 equite
1845 1350 2160 1436 Romano,
2200 1361 2231 1410 1

251 1444 402 1506 utor
454 1442 640 1506 valde
692 1441 1120 1524 familiariter3
1185 1441 1311 1505 fuit
1374 1440 1545 1504 enim
1610 1439 1831 1525 generi
1885 1441 2035 1523 mei,
2092 1438 2141 1505 C

249 1529 532 1613 PisoniS,
576 1531 1089 1614 pernecessarius
1135 1551 1363 1614 meque
1411 1528 1900 1614 diligentissime
1948 1528 2158 1593 obser·

250 1622 413 1683 vant
457 1622 524 1682 et
565 1619 719 1703 ipse,
750 1623 815 1683 et
857 1618 930 1683 L.
958 1618 1244 1703 FlaviuS,
1283 1619 1486 1682 frater
1530 1617 1684 1682 siue.
1756 1615 2163 1702 Quapropter

252 1707 447 1772 velim
490 1706 758 1772 honoris
803 1708 930 1772 mei
975 1729 1195 1791 eausa,
1250 1707 1483 1791 quibus
1535 1705 1727 1771 rebus
1780 1705 2052 1770 honeste
2097 1710 2163 1771 et

250 1818 372 1882 pro
417 1799 532 1861 tua
587 1796 902 1883 dignitate
956 1797 1225 1881 poteris,
1281 1817 1474 1880 quam
1518 1794 2160 1862 honorificentissime

253 1890 322 1949 et
367 1906 559 1969 quam
604 1885 1047 1951 liberalissime
1101 1884 1171 1951 C.
1217 1885 1512 1951 Flavium
1565 1887 1828 1950 tractes:
1882 1883 1949 1949 id
2004 1886 2161 1950 mihi

253 1974 348 2039 sie
401 1974 525 2038 erit
577 1977 860 2059 gratum,
914 1978 989 2039 ut
1051 1975 1299 2060 gratius
1355 1996 1493 2040 esse
1546 1973 1709 2038 nihil
1764 1974 1995 2058 possit3
2050 1973 2161 2038 sed
2196 1980 2233 2030 ἰ

252 2065 587 2148 praeterea
638 2062 787 2127 tibi·
821 2062 1071 2129 affirmo
1117 2100 1206 2110 -—
1250 2085 1459 2147 neque
1520 2063 1585 2127 id
1650 2062 2000 2127 ambitione
2055 2063 2162 2127 ad-

254 2151 484 2215 ductus
539 2151 735 2235 facio,
791 2152 899 2216 sed
956 2173 1153 2236 quum
1206 2151 1643 2216 familiaritate
1700 2154 1765 2215 et
1816 2152 2162 2216 necessitu-

257 2239 424 2324 dine,
467 2243 608 2305 tum
655 2240 850 2304 etiam
895 2241 1163 2305 veritate
1212 2275 1293 2286 -—
1340 2245 1405 2305 te
1452 2262 1528 2304 ex
1574 2237 1643 2304 C.
1688 2239 1896 2304 Flavii
1950 2240 2161 2305 officio

258 2331 327 2392 et
378 2328 787 2395 observantia
839 2333 906 2393 et
957 2333 1291 2414 praeterea
1351 2329 1688 2413 splendore
1748 2331 1939 2412 atque
1994 2329 2164 2392 inter

254 2437 410 2568 Illo?
474 2418 684 2503 gratia
756 2438 1061 2503 magnam
1131 2419 1532 2502 voluptatem
1605 2438 1743 2483 esse
1807 2421 2162 2502 capturum.

322 2527 360 2569 a
386 2525 439 2570 e.

1068 2699 1343 2766 XXXII.

815 2812 927 2868 Sor.
965 2812 1177 2868 Romae
1214 2830 1263 2868 a.
1301 2831 1354 2866 u.
1393 2830 1438 2868 o.
1479 2817 1598 2869 708.

601 2934 857 2991 CICERO
894 2935 1134 2992 ACILIO
1173 2935 1630 2992 PROCONSULI
1667 2933 1818 2989 SAL.

389 3031 471 3098 In
522 3033 836 3100 Halesina
897 3036 1155 3101 civitate
1217 3040 1352 3100 tam
1414 3037 1596 3099 lauta
1646 3038 1906 3117 tamque
1960 3033 2163 3098 nobili
2204 3049 2231 3098 1

254 3122 818 3189 coniunctissimos
870 3124 1080 3190 habeo
1137 3128 1203 3189 et
1254 3124 1536 3208 hospitio
1601 3127 1666 3187 et
1727 3122 2164 3187 familiaritate

400 3349 503 3420 Ep.
542 3356 714 3418 30,1.
788 3351 995 3420 ipsvm,
1029 3352 1208 3407 virum
1247 3351 1398 3419 (W..)
1483 3351 1522 3404 i.
1559 3365 1608 3404 v.
1647 3348 1835 3418 vulgo.
1887 3376 1955 3389 —
2002 3362 2163 3415 prae-

252 3420 435 3476 ditum
462 3421 574 3489 (M.,
602 3421 812 3492 vulgo).
885 3422 1124 3479 deditum
1162 3422 1379 3491 Kleyn„
1407 3419 1469 3474 B.
1551 3419 1655 3489 Ep.
1684 3423 1770 3486 31,
1803 3425 1849 3472 1.
1922 3418 2165 3473 observat

253 3495 308 3547 et
346 3491 449 3558 (od.
471 3491 656 3621 ΤΒεωειὶῙ.
661 3496 718 3561 )·?
756 3524 823 3533 —
852 3495 1060 3563 possit,·
1094 3494 1187 3548 sed
1225 3493 1374 3562 (W..)
1439 3508 1501 3560 p.
1557 3490 1667 3545 Sed
1701 3488 1886 3556 vulgo

367 3578 470 3622 cieo
495 3581 593 3623 oni
621 3582 814 3631 es.pit.1
1673 3582 1739 3628 29
