2338 3691
132 2459 165 2509 5

193 74 325 137 264
760 75 834 133 M.
876 73 1120 127 TULLII
1157 71 1541 127 clcmzoms
1632 148 1636 153 ,

192 220 553 284 videremus
591 240 791 303 quum
825 218 985 282 illud
1020 218 1255 303 ingens
1293 218 1552 301 malum,
1597 218 1859 283 alterius
1901 218 2112 284 utrius

196 310 509 373 exercitus
555 311 621 370 et
665 307 900 371 ducum
944 306 1305 390 interitum,
1358 310 1498 370 tum
1555 327 1707 372 vero
1754 311 2114 372 extremum

195 399 513 461 malorum
560 395 850 460 omnium
895 417 1033 460 esse
1080 395 1285 459 civilis
1321 394 1474 459 belli
1508 395 1869 460 victoriam:
1915 418 2113 480 quam

198 485 455 569 quidem
501 505 622 571 ego
670 484 865 548 etiam
908 484 1172 549 illorum
1214 482 1540 568 timebam,
1586 485 1667 548 ad
1714 506 1877 569 quos
1922 507 2111 549 vene-

195 596 413 638 ramus
459 609 544 620 —
592 572 934 637 crudeliter
979 573 1151 637 enim
1199 572 1424 637 otiosis
1465 572 1900 656 minabantur,
1947 578 2112 638 erat·

198 683 321 746 que
374 662 454 727 iis
510 665 576 726 et
626 665 744 726 tua
804 662 1014 726 invisa
1067 661 1370 726 voluntas
1426 665 1492 725 et
1543 682 1688 726 mea
1743 662 1950 727 oratio
1997 687 2113 746 —3

195 773 371 815 nunc
426 772 605 835 vero,
660 751 738 815 si¹
770 754 987 815 essent
1038 751 1249 816 nostri
1302 750 1523 834 potiti,
1566 750 1752 815 valde
1797 751 2111 835 intempe-

197 843 417 904 rantes
478 840 783 923 fuissent,
847 842 1032 904 erant
1094 838 1268 903 enim
1321 839 1511 908 nobis
1569 839 1862 924 perirati,
1927 841 2113 924 quasi

198 929 547 1013 quidquam
584 928 662 992 de
697 930 922 994 nostra
959 928 1165 992 salute
1204 927 1722 1011 decrevissemus,
1767 928 1939 1012 quod
1976 951 2112 994 non

196 1017 368 1081 idem
410 1017 540 1081 illis
587 1017 1075 1100 censuissemuS‚
1119 1020 1234 1081 aut
1278 1016 1463 1100 quasi
1498 1016 1720 1081 utilius
1765 1017 1859 1081 rei
1902 1018 2111 1101 publi-

199 1127 310 1170 cae
353 1106 551 1171 fuerit
602 1127 713 1171 eos
759 1105 956 1170 etiam
1000 1106 1083 1170 ad
1126 1105 1481 1169 bestiarum
1535 1105 1843 1169 auxilium
1888 1107 2113 1170 consu-

199 1214 350 1279 gere
397 1217 592 1280 quam
636 1196 739 1259 vel
785 1194 986 1259 emori
1039 1194 1141 1258 vel
1189 1215 1335 1258 cum
1382 1215 1521 1278 spe,
1567 1194 1622 1258 si
1665 1215 1801 1258 non
1848 1195 2115 1279 optima,

198 1287 268 1347 at
332 1285 548 1368 aliqua
617 1287 838 1348 tamen
908 1282 1140 1347 vivere.
1256 1281 1394 1366 „At
1461 1282 1534 1346 in
1604 1283 1981 1366 perturbata
2042 1305 2113 1348 re

198 1372 457 1456 publica
500 1370 829 1438 vivimus“.
910 1369 1066 1447 Quis
1111 1370 1354 1456 negat?
1401 1371 1512 1435 sed
1557 1371 1681 1435 hoc
1725 1370 2004 1436 viderint
2046 1372 2114 1457 ii,

200 1460 311 1544 qui
355 1463 537 1526 nulla
583 1462 706 1526 sibi
751 1460 1038 1525 subsidia
1083 1460 1164 1524 ad
1213 1481 1435 1524 omnes
1472 1459 1642 1525 vitae
1680 1463 1890 1524 status
1926 1482 2111 1544 para·

199 1553 457 1634 verunt3
527 1550 656 1615 huc
719 1550 893 1614 enim
951 1552 1030 1627 ,ut
1090 1548 1404 1632 venirem,
1482 1548 1773 1632 superior
1833 1549 2114 1635 longius,

201 1661 394 1722 quam
457 1638 658 1721 volui,
711 1637 899 1702 fluxit
953 1637 1187 1703 oratio:
1244 1658 1442 1721 quum
1497 1636 1670 1701 enim
1731 1641 1797 1701 te
1862 1659 2115 1721 semper

200 1746 512 1811 magnum
554 1726 884 1791 hominem
928 1727 971 1806 †
998 1725 1306 1809 duxerim,
1351 1726 1522 1810 quod
1567 1726 1668 1789 his
1713 1727 2111 1809 tempestati-

201 1815 325 1879 bus
380 1836 448 1880 es
500 1836 703 1899 prope
757 1816 931 1881 solus
984 1814 1056 1880 in
1108 1818 1303 1899 portu
1354 1814 1728 1899 fructusque
1783 1814 2112 1881 doctrinae

200 1904 476 1988 percipis
540 1925 677 1988 eos,
740 1905 851 1989 qui
913 1904 1180 1968 maximi
1238 1907 1416 1987 sunt,
1477 1908 1555 1968 ut
1617 1926 1694 1968 ea
1746 1905 2114 1970 consideres

202 2014 402 2077 eaque
446 1996 703 2077 tractes,
748 2015 1022 2077 quorum
1059 1997 1125 2057 et
1159 2014 1316 2057 usus
1353 1995 1419 2057 et
1459 1992 1798 2057 delectatio
1846 1997 1946 2058 est
1982 2016 2114 2059 om·

202 2082 393 2146 nibus
434 2081 709 2147 istorum
754 2085 821 2146 et
865 2081 1026 2146 actis
1062 2084 1129 2146 et
1163 2082 1605 2165 voluptatibus
1643 2082 2114 2165 anteponenda.

197 2174 493 2251 Equidem
558 2170 681 2236 hos
743 2174 891 2235 tuos
938 2170 1451 2234 Tusculanenses
1517 2170 1650 2235 dies
1704 2171 1913 2235 instar
1975 2193 2115 2236 esse

202 2257 373 2323 vitae
426 2263 613 2344 puto,
664 2258 1065 2342 libenterque
1120 2258 1421 2323 omnibus
1478 2280 1699 2323 omnes
1753 2280 1909 2344 opes
1964 2281 2114 2324 con-

204 2348 528 2431 cesserim,
580 2350 656 2412 ut
698 2347 860 2412 mihi
912 2348 1105 2412 liceat
1147 2348 1213 2412 vi
1256 2347 1439 2411 nulla
1489 2347 1942 2432 interpellante
1987 2349 2115 2413 isto

202 2436 394 2501 modo
440 2437 678 2502 vivere:
725 2436 897 2520 quod
942 2458 1063 2501 nos
1101 2457 1356 2520 quoque
1392 2435 1738 2521 imitamur,
1781 2439 1857 2502 ut
1889 2459 2117 2521 possu-

204 2547 374 2609 mus,
433 2529 499 2590 et
550 2526 622 2589 in
674 2525 915 2590 nostris
971 2524 1199 2589 studiis
1252 2524 1676 2590 libentissime
1722 2526 2117 2610 conquiesci-

204 2636 376 2698 mus3
430 2614 573 2698 quis
629 2614 800 2678 enim
853 2614 978 2679 hoc
1031 2635 1167 2679 non
1214 2612 1461 2677 dederit
1503 2613 1719 2697 nobis,
1763 2618 1863 2698 ut,
1917 2635 2118 2698 quum

203 2725 402 2787 opera
454 2705 681 2768 nostra
723 2703 937 2787 patria
982 2703 1115 2767 sive
1133 2721 1140 2727 ’
1160 2723 1297 2768 non
1340 2702 1550 2787 possit
1602 2704 1700 2767 uti
1754 2703 1887 2768 sive
1931 2703 2119 2787 nolit,

206 2792 287 2856 ad
332 2814 476 2858 eam
521 2792 721 2857 vitam
764 2794 1178 2874 revertamur,
1223 2813 1417 2875 quam
1462 2791 1649 2856 multi
1696 2790 1867 2857 docti
1910 2791 2119 2857 homi-

202 2902 338 2966 neS‚
380 2881 657 2946 fortasse
701 2902 838 2946 non
881 2883 1082 2964 recte,
1127 2880 1238 2943 sed
1283 2884 1504 2944 tamen
1548 2880 1737 2945 multi
1781 2880 1977 2945 etiam
2022 2881 2120 2945 rei

348 3071 452 3142 Ep.
492 3081 542 3141 6,
570 3080 620 3129 3.
693 3075 924 3139 malum,
961 3073 1189 3127 alterius
1225 3072 1375 3142 (W.).
1447 3073 1654 3126 malum
1688 3073 1781 3127 alt.
1820 3072 2009 3142 vulgo.
2049 3102 2119 3113 —-

205 3145 392 3198 otiosis
413 3144 641 3213 (vulgo).
714 3145 900 3199 otiosis
926 3144 977 3197 si
992 3143 1066 3197 M.
1142 3144 1457 3204 otiosissimi
1483 3142 1601 3197 Pal.
1624 3150 1656 3197 6
1687 3144 1746 3197 et
1769 3142 2033 3212 Hittorp.,
2054 3143 2120 3197 B.

205 3220 256 3266 4.
310 3218 348 3279 †
374 3213 643 3280 duxerim,
679 3216 824 3282 quod
860 3214 1077 3282 (MW.).
1116 3214 1393 3281 duxerim,
1431 3220 1547 3268 tum
1583 3214 1728 3282 quod
1764 3213 1893 3282 (vel,
1930 3215 1996 3266 ut
2031 3213 2125 3280 V„

208 3283 365 3348 duxi,
391 3287 507 3334 tum
532 3287 603 3350 q.)
644 3324 656 3336 .
679 3324 690 3335 .
715 3325 726 3336 .
749 3324 763 3337 .
800 3285 1196 3354 anteponenda.
1269 3284 1545 3354 Equidem
1572 3288 1672 3339 aut
1698 3285 1967 3349 duxerim,
2003 3289 2124 3338 tum

206 3368 357 3406 nunc
392 3354 707 3418 maximum,
743 3356 888 3421 quod
916 3396 963 3409 ..
987 3397 998 3409 .
1023 3398 1032 3409 .
1066 3361 1246 3425 antep.
1280 3356 1576 3425 ‘Equidem
1606 3355 1736 3425 (W.)
1749 3362 1774 3409 ⁴?
1846 3356 2125 3423 duaeem‘m,

208 3439 256 3489 q.
296 3463 308 3475 .
331 3463 343 3474 .
364 3458 380 3473 .
419 3424 814 3489 anteponenda,
855 3426 1097 3495 equidem
1134 3426 1197 3480 B.
