<?xml version="1.0" encoding="UTF-8"?>
<!DOCTYPE html PUBLIC "-//W3C//DTD XHTML 1.0 Transitional//EN"
    "http://www.w3.org/TR/xhtml1/DTD/xhtml1-transitional.dtd">
<html xmlns="http://www.w3.org/1999/xhtml" xml:lang="en" lang="en">
 <head>
  <title>
</title>
<meta http-equiv="Content-Type" content="text/html;charset=utf-8" />
  <meta name='ocr-system' content='tesseract 3.04.00' />
  <meta name='ocr-capabilities' content='ocr_page ocr_carea ocr_par ocr_line ocrx_word'/>
</head>
<body>
  <div class='ocr_page' id='page_1' title='image "./scriptaquaemans02wesegoog_0041.png"; bbox 0 0 2338 3691; ppageno 0'>
   <div class='ocr_carea' id='block_1_1' title="bbox 848 131 2154 196">
    <p class='ocr_par' dir='ltr' id='par_1_1' title="bbox 848 131 2154 196">
     <span class='ocr_line' id='line_1_1' title="bbox 848 131 2154 196; baseline 0 -9"><span class='ocrx_word' id='word_1_1' title='bbox 848 131 1370 188; x_wconf 78' lang='lat' dir='ltr'>EPISTOLARUM</span> <span class='ocrx_word' id='word_1_2' title='bbox 1403 133 1447 187; x_wconf 93' lang='grc' dir='ltr'>Ι.</span> <span class='ocrx_word' id='word_1_3' title='bbox 1486 138 1535 188; x_wconf 83' lang='grc'>9.</span> <span class='ocrx_word' id='word_1_4' title='bbox 2067 132 2154 196; x_wconf 67' lang='grc'>2]</span> 
     </span>
    </p>
   </div>
   <div class='ocr_carea' id='block_1_2' title="bbox 318 276 2077 804">
    <p class='ocr_par' dir='ltr' id='par_1_2' title="bbox 319 276 2077 627">
     <span class='ocr_line' id='line_1_2' title="bbox 319 276 1865 362; baseline -0.001 -20"><span class='ocrx_word' id='word_1_5' title='bbox 319 277 437 342; x_wconf 90' lang='lat' dir='ltr'>ubi</span> <span class='ocrx_word' id='word_1_6' title='bbox 479 276 847 342; x_wconf 74' lang='lat' dir='ltr'>nominabit</span> <span class='ocrx_word' id='word_1_7' title='bbox 888 276 1295 361; x_wconf 78' lang='lat' dir='ltr'><strong>Phaedriam,</strong></span> <span class='ocrx_word' id='word_1_8' title='bbox 1337 280 1413 342; x_wconf 93' lang='lat' dir='ltr'>tu</span> <span class='ocrx_word' id='word_1_9' title='bbox 1456 276 1865 362; x_wconf 82' lang='lat' dir='ltr'>Pamphilam</span> 
     </span>
     <span class='ocr_line' id='line_1_3' title="bbox 320 364 2077 451; baseline 0 -21"><span class='ocrx_word' id='word_1_10' title='bbox 320 366 664 450; x_wconf 80' lang='lat' dir='ltr'>continu03</span> <span class='ocrx_word' id='word_1_11' title='bbox 709 364 767 430; x_wconf 91' lang='lat' dir='ltr'>si</span> <span class='ocrx_word' id='word_1_12' title='bbox 810 364 1069 450; x_wconf 87' lang='lat' dir='ltr'>quando</span> <span class='ocrx_word' id='word_1_13' title='bbox 1113 366 1230 430; x_wconf 91' lang='lat' dir='ltr'>illa</span> <span class='ocrx_word' id='word_1_14' title='bbox 1275 366 1470 430; x_wconf 86' lang='lat' dir='ltr'>dicet:</span> <span class='ocrx_word' id='word_1_15' title='bbox 1514 365 1936 451; x_wconf 80' lang='lat' dir='ltr'>„Phaedriam</span> <span class='ocrx_word' id='word_1_16' title='bbox 1979 366 2077 430; x_wconf 81' lang='lat' dir='ltr'>in-</span> 
     </span>
     <span class='ocr_line' id='line_1_4' title="bbox 320 453 1980 539; baseline 0 -21"><span class='ocrx_word' id='word_1_17' title='bbox 320 455 766 520; x_wconf 84' lang='lat' dir='ltr'>tromittamus</span> <span class='ocrx_word' id='word_1_18' title='bbox 812 454 1154 531; x_wconf 81' lang='lat' dir='ltr'>commissa</span> <span class='ocrx_word' id='word_1_19' title='bbox 1296 453 1349 538; x_wconf 87' lang='lat'>“,</span> <span class='ocrx_word' id='word_1_20' title='bbox 1392 457 1494 518; x_wconf 84' lang='lat' dir='ltr'>tu:</span> <span class='ocrx_word' id='word_1_21' title='bbox 1537 453 1980 539; x_wconf 82' lang='lat' dir='ltr'>„Pamphilam</span> 
     </span>
     <span class='ocr_line' id='line_1_5' title="bbox 322 541 1833 627; baseline 0 -20"><span class='ocrx_word' id='word_1_22' title='bbox 322 545 661 607; x_wconf 87' lang='lat' dir='ltr'>cantatum</span> <span class='ocrx_word' id='word_1_23' title='bbox 705 541 1190 627; x_wconf 80' lang='lat' dir='ltr'>provocemus“;</span> <span class='ocrx_word' id='word_1_24' title='bbox 1236 542 1293 607; x_wconf 91' lang='lat' dir='ltr'>si</span> <span class='ocrx_word' id='word_1_25' title='bbox 1335 542 1629 607; x_wconf 78' lang='lat' dir='ltr'>laudabit</span> <span class='ocrx_word' id='word_1_26' title='bbox 1670 543 1833 608; x_wconf 88' lang='lat' dir='ltr'>haec</span> 
     </span>
    </p>

    <p class='ocr_par' dir='ltr' id='par_1_3' title="bbox 319 631 1822 715">
     <span class='ocr_line' id='line_1_6' title="bbox 319 631 1822 715; baseline -0.001 -19"><span class='ocrx_word' id='word_1_27' title='bbox 319 631 498 696; x_wconf 89' lang='grc'>1111118</span> <span class='ocrx_word' id='word_1_28' title='bbox 542 631 841 715; x_wconf 86' lang='lat' dir='ltr'>formam,</span> <span class='ocrx_word' id='word_1_29' title='bbox 883 634 959 695; x_wconf 94' lang='lat' dir='ltr'>tu</span> <span class='ocrx_word' id='word_1_30' title='bbox 1001 631 1196 696; x_wconf 90' lang='lat' dir='ltr'>huius</span> <span class='ocrx_word' id='word_1_31' title='bbox 1242 634 1504 714; x_wconf 82' lang='lat' dir='ltr'>contra3</span> <span class='ocrx_word' id='word_1_32' title='bbox 1548 631 1822 715; x_wconf 90' lang='lat' dir='ltr'>denique</span> 
     </span>
    </p>

    <p class='ocr_par' dir='ltr' id='par_1_4' title="bbox 318 719 1866 804">
     <span class='ocr_line' id='line_1_7' title="bbox 318 719 1866 804; baseline 0.001 -21"><span class='ocrx_word' id='word_1_33' title='bbox 318 741 445 804; x_wconf 87' lang='lat' dir='ltr'>par</span> <span class='ocrx_word' id='word_1_34' title='bbox 487 741 608 803; x_wconf 89' lang='lat' dir='ltr'>pro</span> <span class='ocrx_word' id='word_1_35' title='bbox 656 720 802 804; x_wconf 91' lang='lat' dir='ltr'>pari</span> <span class='ocrx_word' id='word_1_36' title='bbox 843 719 1102 804; x_wconf 80' lang='lat' dir='ltr'>referto,</span> <span class='ocrx_word' id='word_1_37' title='bbox 1148 719 1322 804; x_wconf 87' lang='lat' dir='ltr'>quod</span> <span class='ocrx_word' id='word_1_38' title='bbox 1367 740 1513 785; x_wconf 86' lang='lat' dir='ltr'>eam</span> <span class='ocrx_word' id='word_1_39' title='bbox 1555 720 1866 785; x_wconf 89' lang='lat' dir='ltr'>mordeat.</span> 
     </span>
    </p>
   </div>
   <div class='ocr_carea' id='block_1_3' title="bbox 223 840 2269 3053">
    <p class='ocr_par' dir='ltr' id='par_1_5' title="bbox 223 840 2269 3053">
     <span class='ocr_line' id='line_1_8' title="bbox 230 840 2158 929; baseline 0 -21"><span class='ocrx_word' id='word_1_40' title='bbox 230 840 343 911; x_wconf 82' lang='lat' dir='ltr'>Sic</span> <span class='ocrx_word' id='word_1_41' title='bbox 387 843 592 927; x_wconf 80' lang='lat' dir='ltr'>petivi</span> <span class='ocrx_word' id='word_1_42' title='bbox 637 864 679 907; x_wconf 91' lang='lat' dir='ltr'>a</span> <span class='ocrx_word' id='word_1_43' title='bbox 719 843 1057 927; x_wconf 90' lang='lat' dir='ltr'>iudicibus,</span> <span class='ocrx_word' id='word_1_44' title='bbox 1101 846 1205 928; x_wconf 88' lang='lat' dir='ltr'>ut,</span> <span class='ocrx_word' id='word_1_45' title='bbox 1251 843 1556 929; x_wconf 91' lang='lat' dir='ltr'>quoniam</span> <span class='ocrx_word' id='word_1_46' title='bbox 1602 843 1862 927; x_wconf 90' lang='lat' dir='ltr'>quidam</span> <span class='ocrx_word' id='word_1_47' title='bbox 1905 844 2158 911; x_wconf 91' lang='lat' dir='ltr'>nobiles</span> 
     </span>
     <span class='ocr_line' id='line_1_9' title="bbox 226 930 2161 1017; baseline 0.001 -21"><span class='ocrx_word' id='word_1_48' title='bbox 226 931 535 996; x_wconf 90' lang='lat' dir='ltr'>homines</span> <span class='ocrx_word' id='word_1_49' title='bbox 598 934 668 996; x_wconf 87' lang='lat' dir='ltr'>et</span> <span class='ocrx_word' id='word_1_50' title='bbox 720 930 798 995; x_wconf 94' lang='lat' dir='ltr'>de</span> <span class='ocrx_word' id='word_1_51' title='bbox 862 953 966 995; x_wconf 90' lang='lat' dir='ltr'>me</span> <span class='ocrx_word' id='word_1_52' title='bbox 1026 932 1269 1017; x_wconf 87' lang='lat' dir='ltr'>optime</span> <span class='ocrx_word' id='word_1_53' title='bbox 1331 933 1546 997; x_wconf 89' lang='lat' dir='ltr'>meriti</span> <span class='ocrx_word' id='word_1_54' title='bbox 1606 932 1800 997; x_wconf 89' lang='lat' dir='ltr'>nimis</span> <span class='ocrx_word' id='word_1_55' title='bbox 1864 935 2161 998; x_wconf 90' lang='lat' dir='ltr'>amarent</span> 
     </span>
     <span class='ocr_line' id='line_1_10' title="bbox 225 1018 2160 1106; baseline 0.002 -23"><span class='ocrx_word' id='word_1_56' title='bbox 225 1018 573 1084; x_wconf 86' lang='lat' dir='ltr'>immicum</span> <span class='ocrx_word' id='word_1_57' title='bbox 625 1041 841 1084; x_wconf 90' lang='lat' dir='ltr'>meum</span> <span class='ocrx_word' id='word_1_58' title='bbox 897 1041 1126 1105; x_wconf 91' lang='lat' dir='ltr'>meque</span> <span class='ocrx_word' id='word_1_59' title='bbox 1181 1021 1588 1106; x_wconf 75' lang='lat' dir='ltr'>inspectante</span> <span class='ocrx_word' id='word_1_60' title='bbox 1644 1042 1834 1106; x_wconf 85' lang='lat' dir='ltr'>saepe</span> <span class='ocrx_word' id='word_1_61' title='bbox 1889 1043 2037 1086; x_wconf 90' lang='lat' dir='ltr'>eum</span> <span class='ocrx_word' id='word_1_62' title='bbox 2089 1021 2160 1085; x_wconf 88' lang='lat' dir='ltr'>in</span> 
     </span>
     <span class='ocr_line' id='line_1_11' title="bbox 224 1108 2165 1193; baseline 0 -20"><span class='ocrx_word' id='word_1_63' title='bbox 224 1112 472 1173; x_wconf 88' lang='lat' dir='ltr'>senatu</span> <span class='ocrx_word' id='word_1_64' title='bbox 525 1108 717 1172; x_wconf 92' lang='lat' dir='ltr'>modo</span> <span class='ocrx_word' id='word_1_65' title='bbox 773 1129 991 1173; x_wconf 82' lang='lat' dir='ltr'>severe</span> <span class='ocrx_word' id='word_1_66' title='bbox 1046 1109 1451 1193; x_wconf 81' lang='lat' dir='ltr'>seducerent,</span> <span class='ocrx_word' id='word_1_67' title='bbox 1513 1109 1704 1175; x_wconf 93' lang='lat' dir='ltr'>modo</span> <span class='ocrx_word' id='word_1_68' title='bbox 1758 1108 2165 1174; x_wconf 87' lang='lat' dir='ltr'>familiariter</span> 
     </span>
     <span class='ocr_line' id='line_1_12' title="bbox 223 1196 2164 1282; baseline -0.001 -20"><span class='ocrx_word' id='word_1_69' title='bbox 223 1201 435 1280; x_wconf 87' lang='lat' dir='ltr'>atque</span> <span class='ocrx_word' id='word_1_70' title='bbox 470 1196 676 1260; x_wconf 92' lang='lat' dir='ltr'>hilare</span> <span class='ocrx_word' id='word_1_71' title='bbox 704 1197 1240 1281; x_wconf 83' lang='lat' dir='ltr'>amplexarentur,</span> <span class='ocrx_word' id='word_1_72' title='bbox 1268 1198 1698 1282; x_wconf 88' lang='lat' dir='ltr'>quoniamque</span> <span class='ocrx_word' id='word_1_73' title='bbox 1725 1197 1819 1262; x_wconf 91' lang='lat' dir='ltr'>illi</span> <span class='ocrx_word' id='word_1_74' title='bbox 1846 1198 2164 1262; x_wconf 87' lang='lat' dir='ltr'>haberent</span> 
     </span>
     <span class='ocr_line' id='line_1_13' title="bbox 223 1282 2165 1371; baseline -0.001 -20"><span class='ocrx_word' id='word_1_75' title='bbox 223 1306 430 1351; x_wconf 87' lang='lat' dir='ltr'>suum</span> <span class='ocrx_word' id='word_1_76' title='bbox 474 1282 795 1368; x_wconf 86' lang='lat' dir='ltr'>Publium,</span> <span class='ocrx_word' id='word_1_77' title='bbox 838 1284 1071 1349; x_wconf 85' lang='lat' dir='ltr'>darent</span> <span class='ocrx_word' id='word_1_78' title='bbox 1112 1285 1274 1350; x_wconf 89' lang='grc'>1111111</span> <span class='ocrx_word' id='word_1_79' title='bbox 1316 1286 1445 1371; x_wconf 90' lang='lat' dir='ltr'>ipsi</span> <span class='ocrx_word' id='word_1_80' title='bbox 1490 1287 1689 1350; x_wconf 90' lang='lat' dir='ltr'>alium</span> <span class='ocrx_word' id='word_1_81' title='bbox 1727 1284 2048 1369; x_wconf 90' lang='lat' dir='ltr'>Publium,</span> <span class='ocrx_word' id='word_1_82' title='bbox 2091 1286 2165 1349; x_wconf 91' lang='lat' dir='ltr'>in</span> 
     </span>
     <span class='ocr_line' id='line_1_14' title="bbox 225 1373 2163 1458; baseline -0.001 -20"><span class='ocrx_word' id='word_1_83' title='bbox 225 1394 371 1458; x_wconf 88' lang='lat' dir='ltr'>quo</span> <span class='ocrx_word' id='word_1_84' title='bbox 426 1395 685 1457; x_wconf 88' lang='lat' dir='ltr'>possem</span> <span class='ocrx_word' id='word_1_85' title='bbox 736 1373 998 1438; x_wconf 89' lang='lat' dir='ltr'>illorum</span> <span class='ocrx_word' id='word_1_86' title='bbox 1050 1374 1302 1439; x_wconf 88' lang='lat' dir='ltr'>animos</span> <span class='ocrx_word' id='word_1_87' title='bbox 1365 1374 1774 1439; x_wconf 82' lang='lat' dir='ltr'>mediocriter</span> <span class='ocrx_word' id='word_1_88' title='bbox 1828 1373 2163 1437; x_wconf 86' lang='lat' dir='ltr'>lacessitus</span> 
     </span>
     <span class='ocr_line' id='line_1_15' title="bbox 224 1460 2162 1547; baseline -0.001 -21"><span class='ocrx_word' id='word_1_89' title='bbox 224 1461 472 1526; x_wconf 79' lang='lat' dir='ltr'>leviter</span> <span class='ocrx_word' id='word_1_90' title='bbox 504 1481 892 1547; x_wconf 82' lang='lat' dir='ltr'>repungere3</span> <span class='ocrx_word' id='word_1_91' title='bbox 935 1483 1142 1546; x_wconf 87' lang='lat' dir='ltr'>neque</span> <span class='ocrx_word' id='word_1_92' title='bbox 1181 1463 1391 1528; x_wconf 90' lang='lat' dir='ltr'>solum</span> <span class='ocrx_word' id='word_1_93' title='bbox 1419 1463 1567 1545; x_wconf 86' lang='lat' dir='ltr'>dixi,</span> <span class='ocrx_word' id='word_1_94' title='bbox 1608 1460 1721 1526; x_wconf 90' lang='lat' dir='ltr'>sed</span> <span class='ocrx_word' id='word_1_95' title='bbox 1749 1461 1946 1525; x_wconf 90' lang='lat' dir='ltr'>etiam</span> <span class='ocrx_word' id='word_1_96' title='bbox 1973 1482 2162 1546; x_wconf 84' lang='lat' dir='ltr'>saepe</span> 
     </span>
     <span class='ocr_line' id='line_1_16' title="bbox 227 1548 2269 1636; baseline -0.003 -21"><span class='ocrx_word' id='word_1_97' title='bbox 227 1551 412 1616; x_wconf 83' lang='lat' dir='ltr'>facio</span> <span class='ocrx_word' id='word_1_98' title='bbox 460 1549 596 1613; x_wconf 86' lang='lat' dir='ltr'>deis</span> <span class='ocrx_word' id='word_1_99' title='bbox 639 1549 1135 1634; x_wconf 84' lang='lat' dir='ltr'>hominibusque</span> <span class='ocrx_word' id='word_1_100' title='bbox 1191 1550 1719 1636; x_wconf 78' lang='lat' dir='ltr'>approbantibus,</span> <span class='ocrx_word' id='word_1_101' title='bbox 1808 1548 2030 1615; x_wconf 89' lang='lat' dir='ltr'>Habes</span> <span class='ocrx_word' id='word_1_102' title='bbox 2085 1550 2163 1614; x_wconf 91' lang='lat' dir='ltr'>de</span> <span class='ocrx_word' id='word_1_103' title='bbox 2201 1561 2269 1609; x_wconf 82' lang='lat'>20</span> 
     </span>
     <span class='ocr_line' id='line_1_17' title="bbox 226 1637 2165 1725; baseline -0.001 -22"><span class='ocrx_word' id='word_1_104' title='bbox 226 1637 540 1703; x_wconf 84' lang='lat' dir='ltr'>Vatinio:</span> <span class='ocrx_word' id='word_1_105' title='bbox 602 1658 780 1702; x_wconf 89' lang='grc'>1111110</span> <span class='ocrx_word' id='word_1_106' title='bbox 843 1658 1159 1724; x_wconf 83' lang='lat' dir='ltr'>cognosce</span> <span class='ocrx_word' id='word_1_107' title='bbox 1225 1640 1303 1703; x_wconf 92' lang='lat' dir='ltr'>de</span> <span class='ocrx_word' id='word_1_108' title='bbox 1367 1637 1619 1704; x_wconf 85' lang='lat' dir='ltr'>Crasso.</span> <span class='ocrx_word' id='word_1_109' title='bbox 1726 1637 1901 1725; x_wconf 84' lang='lat' dir='ltr'>Ego,</span> <span class='ocrx_word' id='word_1_110' title='bbox 1965 1661 2165 1723; x_wconf 91' lang='lat' dir='ltr'>quum</span> 
     </span>
     <span class='ocr_line' id='line_1_18' title="bbox 230 1725 2164 1814; baseline -0.001 -22"><span class='ocrx_word' id='word_1_111' title='bbox 230 1725 408 1792; x_wconf 84' lang='lat' dir='ltr'>mihi</span> <span class='ocrx_word' id='word_1_112' title='bbox 451 1746 600 1790; x_wconf 87' lang='lat' dir='ltr'>cum</span> <span class='ocrx_word' id='word_1_113' title='bbox 652 1726 766 1790; x_wconf 93' lang='lat' dir='ltr'>illo</span> <span class='ocrx_word' id='word_1_114' title='bbox 811 1748 1051 1812; x_wconf 86' lang='lat' dir='ltr'>magna</span> <span class='ocrx_word' id='word_1_115' title='bbox 1103 1727 1235 1791; x_wconf 93' lang='lat' dir='ltr'>iam</span> <span class='ocrx_word' id='word_1_116' title='bbox 1280 1728 1493 1814; x_wconf 85' lang='lat' dir='ltr'>gratia</span> <span class='ocrx_word' id='word_1_117' title='bbox 1547 1731 1745 1812; x_wconf 87' lang='lat' dir='ltr'>esset,</span> <span class='ocrx_word' id='word_1_118' title='bbox 1801 1726 1973 1811; x_wconf 91' lang='lat' dir='ltr'>quod</span> <span class='ocrx_word' id='word_1_119' title='bbox 2026 1727 2164 1791; x_wconf 89' lang='lat' dir='ltr'>eius</span> 
     </span>
     <span class='ocr_line' id='line_1_19' title="bbox 227 1814 2164 1900; baseline -0.001 -18"><span class='ocrx_word' id='word_1_120' title='bbox 227 1836 474 1882; x_wconf 85' lang='lat' dir='ltr'>omnes</span> <span class='ocrx_word' id='word_1_121' title='bbox 538 1814 948 1900; x_wconf 83' lang='lat' dir='ltr'>gravissimas</span> <span class='ocrx_word' id='word_1_122' title='bbox 1022 1816 1290 1881; x_wconf 87' lang='lat' dir='ltr'>iniurias</span> <span class='ocrx_word' id='word_1_123' title='bbox 1353 1816 1712 1882; x_wconf 89' lang='lat' dir='ltr'>communis</span> <span class='ocrx_word' id='word_1_124' title='bbox 1784 1815 2164 1882; x_wconf 88' lang='lat' dir='ltr'>concordiae</span> 
     </span>
     <span class='ocr_line' id='line_1_20' title="bbox 227 1905 2165 1989; baseline -0.001 -19"><span class='ocrx_word' id='word_1_125' title='bbox 227 1926 444 1970; x_wconf 86' lang='lat' dir='ltr'>causa</span> <span class='ocrx_word' id='word_1_126' title='bbox 488 1905 854 1969; x_wconf 80' lang='lat' dir='ltr'>voluntaria</span> <span class='ocrx_word' id='word_1_127' title='bbox 899 1905 1179 1989; x_wconf 91' lang='lat' dir='ltr'>quadam</span> <span class='ocrx_word' id='word_1_128' title='bbox 1215 1906 1538 1971; x_wconf 85' lang='lat' dir='ltr'>oblivione</span> <span class='ocrx_word' id='word_1_129' title='bbox 1577 1906 2024 1987; x_wconf 83' lang='lat' dir='ltr'>contriveram,</span> <span class='ocrx_word' id='word_1_130' title='bbox 2067 1926 2165 1969; x_wconf 86' lang='lat' dir='ltr'>re-</span> 
     </span>
     <span class='ocr_line' id='line_1_21' title="bbox 224 1991 2165 2079; baseline -0.001 -21"><span class='ocrx_word' id='word_1_131' title='bbox 224 1992 586 2079; x_wconf 86' lang='lat' dir='ltr'>pentinam</span> <span class='ocrx_word' id='word_1_132' title='bbox 631 1993 766 2057; x_wconf 90' lang='lat' dir='ltr'>eius</span> <span class='ocrx_word' id='word_1_133' title='bbox 811 1991 1255 2059; x_wconf 88' lang='lat' dir='ltr'>defensionem</span> <span class='ocrx_word' id='word_1_134' title='bbox 1299 1992 1576 2077; x_wconf 83' lang='lat' dir='ltr'>Gabinii,</span> <span class='ocrx_word' id='word_1_135' title='bbox 1622 2015 1813 2078; x_wconf 91' lang='lat' dir='ltr'>quem</span> <span class='ocrx_word' id='word_1_136' title='bbox 1857 1993 2165 2078; x_wconf 87' lang='lat' dir='ltr'>proximis</span> 
     </span>
     <span class='ocr_line' id='line_1_22' title="bbox 225 2080 2167 2167; baseline -0.002 -19"><span class='ocrx_word' id='word_1_137' title='bbox 225 2081 686 2166; x_wconf 87' lang='lat' dir='ltr'>superioribus</span> <span class='ocrx_word' id='word_1_138' title='bbox 722 2081 947 2146; x_wconf 90' lang='lat' dir='ltr'>diebus</span> <span class='ocrx_word' id='word_1_139' title='bbox 985 2082 1292 2147; x_wconf 87' lang='lat' dir='ltr'>acerrime</span> <span class='ocrx_word' id='word_1_140' title='bbox 1331 2086 1789 2167; x_wconf 86' lang='lat' dir='ltr'>oppugnasset,</span> <span class='ocrx_word' id='word_1_141' title='bbox 1833 2085 2070 2167; x_wconf 89' lang='lat' dir='ltr'>tamen,</span> <span class='ocrx_word' id='word_1_142' title='bbox 2110 2080 2167 2145; x_wconf 91' lang='lat' dir='ltr'>si</span> 
     </span>
     <span class='ocr_line' id='line_1_23' title="bbox 225 2169 2167 2255; baseline -0.001 -19"><span class='ocrx_word' id='word_1_143' title='bbox 225 2173 391 2236; x_wconf 85' lang='lat' dir='ltr'>sine</span> <span class='ocrx_word' id='word_1_144' title='bbox 434 2169 571 2233; x_wconf 89' lang='lat' dir='ltr'>ulla</span> <span class='ocrx_word' id='word_1_145' title='bbox 612 2191 756 2234; x_wconf 85' lang='lat' dir='ltr'>mea</span> <span class='ocrx_word' id='word_1_146' title='bbox 801 2170 1192 2235; x_wconf 89' lang='lat' dir='ltr'>contumelia</span> <span class='ocrx_word' id='word_1_147' title='bbox 1228 2171 1630 2255; x_wconf 87' lang='lat' dir='ltr'>suscepisset,</span> <span class='ocrx_word' id='word_1_148' title='bbox 1673 2170 1991 2253; x_wconf 82' lang='lat' dir='ltr'>tulissem3</span> <span class='ocrx_word' id='word_1_149' title='bbox 2038 2169 2167 2254; x_wconf 92' lang='lat' dir='ltr'>sed,</span> 
     </span>
     <span class='ocr_line' id='line_1_24' title="bbox 225 2258 2167 2345; baseline -0.002 -21"><span class='ocrx_word' id='word_1_150' title='bbox 225 2280 453 2345; x_wconf 90' lang='lat' dir='ltr'>quum</span> <span class='ocrx_word' id='word_1_151' title='bbox 514 2279 614 2322; x_wconf 93' lang='lat' dir='ltr'>me</span> <span class='ocrx_word' id='word_1_152' title='bbox 670 2258 1134 2344; x_wconf 79' lang='lat' dir='ltr'>disputantem,</span> <span class='ocrx_word' id='word_1_153' title='bbox 1187 2280 1326 2324; x_wconf 90' lang='lat' dir='ltr'>non</span> <span class='ocrx_word' id='word_1_154' title='bbox 1377 2259 1800 2324; x_wconf 83' lang='lat' dir='ltr'>lacessentem</span> <span class='ocrx_word' id='word_1_155' title='bbox 1856 2259 2167 2340; x_wconf 87' lang='lat' dir='ltr'>laesisset,</span> 
     </span>
     <span class='ocr_line' id='line_1_25' title="bbox 225 2346 2169 2432; baseline -0.001 -19.955"><span class='ocrx_word' id='word_1_156' title='bbox 225 2346 463 2413; x_wconf 85' lang='lat' dir='ltr'>exarsi</span> <span class='ocrx_word' id='word_1_157' title='bbox 498 2367 631 2411; x_wconf 89' lang='lat' dir='ltr'>non</span> <span class='ocrx_word' id='word_1_158' title='bbox 668 2347 878 2411; x_wconf 89' lang='lat' dir='ltr'>solum</span> <span class='ocrx_word' id='word_1_159' title='bbox 913 2347 1258 2432; x_wconf 87' lang='lat' dir='ltr'>praesenti,</span> <span class='ocrx_word' id='word_1_160' title='bbox 1303 2347 1512 2432; x_wconf 91' lang='lat' dir='ltr'>credo,</span> <span class='ocrx_word' id='word_1_161' title='bbox 1555 2346 1993 2412; x_wconf 88' lang='lat' dir='ltr'>iracundia—</span> <span class='ocrx_word' id='word_1_162' title='bbox 1908 2369 2169 2411; x_wconf 89' lang='lat' dir='ltr'>—nam</span> 
     </span>
     <span class='ocr_line' id='line_1_26' title="bbox 225 2434 2170 2520; baseline -0.002 -18"><span class='ocrx_word' id='word_1_163' title='bbox 225 2460 321 2502; x_wconf 87' lang='lat' dir='ltr'>ea</span> <span class='ocrx_word' id='word_1_164' title='bbox 389 2438 530 2498; x_wconf 92' lang='lat' dir='ltr'>tam</span> <span class='ocrx_word' id='word_1_165' title='bbox 598 2435 943 2500; x_wconf 81' lang='lat' dir='ltr'>vehemens</span> <span class='ocrx_word' id='word_1_166' title='bbox 1013 2435 1291 2501; x_wconf 83' lang='lat' dir='ltr'>fortasse</span> <span class='ocrx_word' id='word_1_167' title='bbox 1360 2458 1498 2501; x_wconf 90' lang='lat' dir='ltr'>non</span> <span class='ocrx_word' id='word_1_168' title='bbox 1566 2436 1798 2501; x_wconf 88' lang='lat' dir='ltr'>fuisset</span> <span class='ocrx_word' id='word_1_169' title='bbox 1860 2472 1976 2520; x_wconf 91' lang='lat'>-,</span> <span class='ocrx_word' id='word_1_170' title='bbox 2038 2434 2170 2517; x_wconf 90' lang='lat' dir='ltr'>sed,</span> 
     </span>
     <span class='ocr_line' id='line_1_27' title="bbox 226 2523 2169 2610; baseline -0.001 -21"><span class='ocrx_word' id='word_1_171' title='bbox 226 2545 455 2610; x_wconf 90' lang='lat' dir='ltr'>quum</span> <span class='ocrx_word' id='word_1_172' title='bbox 500 2523 818 2589; x_wconf 89' lang='lat' dir='ltr'>inclusum</span> <span class='ocrx_word' id='word_1_173' title='bbox 869 2523 1031 2589; x_wconf 93' lang='lat' dir='ltr'>illud</span> <span class='ocrx_word' id='word_1_174' title='bbox 1086 2524 1307 2589; x_wconf 91' lang='lat' dir='ltr'>odium</span> <span class='ocrx_word' id='word_1_175' title='bbox 1358 2526 1708 2589; x_wconf 91' lang='lat' dir='ltr'>multarum</span> <span class='ocrx_word' id='word_1_176' title='bbox 1761 2524 1897 2589; x_wconf 91' lang='lat' dir='ltr'>eius</span> <span class='ocrx_word' id='word_1_177' title='bbox 1949 2524 2022 2588; x_wconf 92' lang='lat' dir='ltr'>in</span> <span class='ocrx_word' id='word_1_178' title='bbox 2065 2544 2169 2587; x_wconf 93' lang='lat' dir='ltr'>me</span> 
     </span>
     <span class='ocr_line' id='line_1_28' title="bbox 225 2611 2170 2698; baseline -0.002 -19"><span class='ocrx_word' id='word_1_179' title='bbox 225 2612 653 2694; x_wconf 87' lang='lat' dir='ltr'>iniuriarum,</span> <span class='ocrx_word' id='word_1_180' title='bbox 699 2612 871 2695; x_wconf 90' lang='lat' dir='ltr'>quod</span> <span class='ocrx_word' id='word_1_181' title='bbox 917 2633 1038 2698; x_wconf 85' lang='lat' dir='ltr'>ego</span> <span class='ocrx_word' id='word_1_182' title='bbox 1077 2611 1375 2678; x_wconf 85' lang='lat' dir='ltr'>effudisse</span> <span class='ocrx_word' id='word_1_183' title='bbox 1411 2634 1513 2677; x_wconf 89' lang='lat' dir='ltr'>me</span> <span class='ocrx_word' id='word_1_184' title='bbox 1561 2634 1751 2678; x_wconf 89' lang='lat' dir='ltr'>omne</span> <span class='ocrx_word' id='word_1_185' title='bbox 1789 2612 2170 2695; x_wconf 89' lang='lat' dir='ltr'>arbitrabar,</span> 
     </span>
     <span class='ocr_line' id='line_1_29' title="bbox 225 2699 2169 2785; baseline -0.002 -18"><span class='ocrx_word' id='word_1_186' title='bbox 225 2699 582 2767; x_wconf 86' lang='lat' dir='ltr'>residuum</span> <span class='ocrx_word' id='word_1_187' title='bbox 624 2703 846 2764; x_wconf 89' lang='lat' dir='ltr'>tamen</span> <span class='ocrx_word' id='word_1_188' title='bbox 887 2700 1202 2766; x_wconf 87' lang='lat' dir='ltr'>insciente</span> <span class='ocrx_word' id='word_1_189' title='bbox 1247 2722 1350 2766; x_wconf 90' lang='lat' dir='ltr'>me</span> <span class='ocrx_word' id='word_1_190' title='bbox 1385 2701 1633 2785; x_wconf 85' lang='lat' dir='ltr'>fuisset,</span> <span class='ocrx_word' id='word_1_191' title='bbox 1678 2722 1869 2766; x_wconf 89' lang='lat' dir='ltr'>omne</span> <span class='ocrx_word' id='word_1_192' title='bbox 1903 2702 2169 2785; x_wconf 89' lang='lat' dir='ltr'>repente</span> 
     </span>
     <span class='ocr_line' id='line_1_30' title="bbox 228 2787 2170 2876; baseline -0.002 -20"><span class='ocrx_word' id='word_1_193' title='bbox 228 2789 582 2875; x_wconf 85' lang='lat' dir='ltr'>apparuit:</span> <span class='ocrx_word' id='word_1_194' title='bbox 641 2810 769 2872; x_wconf 91' lang='lat' dir='ltr'>quo</span> <span class='ocrx_word' id='word_1_195' title='bbox 817 2790 1075 2873; x_wconf 92' lang='lat' dir='ltr'>quidem</span> <span class='ocrx_word' id='word_1_196' title='bbox 1125 2793 1417 2874; x_wconf 89' lang='lat' dir='ltr'>tempore</span> <span class='ocrx_word' id='word_1_197' title='bbox 1469 2789 1613 2876; x_wconf 90' lang='lat' dir='ltr'>ipso</span> <span class='ocrx_word' id='word_1_198' title='bbox 1660 2789 1922 2873; x_wconf 88' lang='lat' dir='ltr'>quidam</span> <span class='ocrx_word' id='word_1_199' title='bbox 1964 2787 2170 2853; x_wconf 85' lang='lat' dir='ltr'>homi-</span> 
     </span>
     <span class='ocr_line' id='line_1_31' title="bbox 230 2876 2170 2980; baseline -0.001 -36"><span class='ocrx_word' id='word_1_200' title='bbox 230 2899 390 2960; x_wconf 84' lang='grc'>1188,</span> <span class='ocrx_word' id='word_1_201' title='bbox 437 2879 504 2941; x_wconf 92' lang='lat' dir='ltr'>et</span> <span class='ocrx_word' id='word_1_202' title='bbox 545 2876 740 2941; x_wconf 92' lang='lat' dir='ltr'>iidem</span> <span class='ocrx_word' id='word_1_203' title='bbox 784 2878 898 2963; x_wconf 89' lang='lat' dir='ltr'>illi,</span> <span class='ocrx_word' id='word_1_204' title='bbox 943 2899 1105 2980; x_wconf 75' lang='lat' dir='ltr'>quos</span> <span class='ocrx_word' id='word_1_205' title='bbox 1152 2900 1342 2963; x_wconf 89' lang='lat' dir='ltr'>saepe</span> <span class='ocrx_word' id='word_1_206' title='bbox 1376 2883 1536 2943; x_wconf 76' lang='lat' dir='ltr'>nutu</span> <span class='ocrx_word' id='word_1_207' title='bbox 1572 2877 2170 2980; x_wconf 82' lang='lat' dir='ltr'>significationeque</span> 
     </span>
     <span class='ocr_line' id='line_1_32' title="bbox 233 2964 2173 3053; baseline -0.002 -20"><span class='ocrx_word' id='word_1_208' title='bbox 233 2965 532 3053; x_wconf 88' lang='lat' dir='ltr'>appell0,</span> <span class='ocrx_word' id='word_1_209' title='bbox 569 2987 768 3050; x_wconf 93' lang='lat' dir='ltr'>quum</span> <span class='ocrx_word' id='word_1_210' title='bbox 802 2986 871 3032; x_wconf 89' lang='lat' dir='ltr'>se</span> <span class='ocrx_word' id='word_1_211' title='bbox 905 2966 1258 3031; x_wconf 90' lang='lat' dir='ltr'>maximum</span> <span class='ocrx_word' id='word_1_212' title='bbox 1284 2967 1569 3033; x_wconf 81' lang='lat' dir='ltr'>fructum</span> <span class='ocrx_word' id='word_1_213' title='bbox 1604 2965 1848 3050; x_wconf 86' lang='lat' dir='ltr'>cepisse</span> <span class='ocrx_word' id='word_1_214' title='bbox 1885 2964 2173 3030; x_wconf 86' lang='lat' dir='ltr'>dicerent</span> 
     </span>
    </p>
   </div>
   <div class='ocr_carea' id='block_1_4' title="bbox 241 3192 2176 3547">
    <p class='ocr_par' dir='ltr' id='par_1_6' title="bbox 241 3192 2176 3547">
     <span class='ocr_line' id='line_1_33' title="bbox 398 3192 2172 3267; baseline 0 -19"><span class='ocrx_word' id='word_1_215' title='bbox 398 3192 505 3263; x_wconf 87' lang='lat' dir='ltr'>Ep.</span> <span class='ocrx_word' id='word_1_216' title='bbox 534 3199 584 3261; x_wconf 88' lang='lat'>9,</span> <span class='ocrx_word' id='word_1_217' title='bbox 615 3199 699 3249; x_wconf 88' lang='lat'>19.</span> <span class='ocrx_word' id='word_1_218' title='bbox 768 3193 1105 3250; x_wconf 79' lang='lat' dir='ltr'>Phaedriam</span> <span class='ocrx_word' id='word_1_219' title='bbox 1129 3192 1476 3267; x_wconf 71' lang='lat' dir='ltr'>ina-utrem.</span> <span class='ocrx_word' id='word_1_220' title='bbox 1507 3192 1737 3264; x_wconf 78' lang='lat' dir='ltr'>(vulgo).</span> <span class='ocrx_word' id='word_1_221' title='bbox 1814 3193 1882 3248; x_wconf 89' lang='lat' dir='ltr'>P.</span> <span class='ocrx_word' id='word_1_222' title='bbox 1909 3195 2172 3263; x_wconf 64' lang='lat' dir='ltr'>ssintrom.</span> 
     </span>
     <span class='ocr_line' id='line_1_34' title="bbox 241 3263 2174 3404; baseline -0.002 -84"><span class='ocrx_word' id='word_1_223' title='bbox 241 3266 314 3320; x_wconf 89' lang='lat' dir='ltr'>B.</span> <span class='ocrx_word' id='word_1_224' title='bbox 358 3294 429 3303; x_wconf 91' lang='lat'>—</span> <span class='ocrx_word' id='word_1_225' title='bbox 469 3269 557 3318; x_wconf 76' lang='lat' dir='ltr'>tu.-</span> <span class='ocrx_word' id='word_1_226' title='bbox 600 3263 993 3333; x_wconf 80' lang='lat' dir='ltr'>„Pamphilam</span> <span class='ocrx_word' id='word_1_227' title='bbox 933 3265 1264 3404; x_wconf 46' lang='lat' dir='ltr'>(vulgo).</span> <span class='ocrx_word' id='word_1_228' title='bbox 1340 3265 1694 3334; x_wconf 78' lang='lat' dir='ltr'>Pamphilam</span> <span class='ocrx_word' id='word_1_229' title='bbox 1729 3263 1859 3318; x_wconf 80' lang='grc' dir='ltr'>ΜΒ.</span> <span class='ocrx_word' id='word_1_230' title='bbox 1933 3270 2017 3319; x_wconf 82' lang='grc'>20.</span> <span class='ocrx_word' id='word_1_231' title='bbox 2067 3263 2174 3317; x_wconf 86' lang='lat' dir='ltr'>Va-</span> 
     </span>
     <span class='ocr_line' id='line_1_35' title="bbox 241 3335 2175 3405; baseline -0.001 -16"><span class='ocrx_word' id='word_1_232' title='bbox 241 3335 427 3389; x_wconf 79' lang='lat' dir='ltr'>tinio.-</span> <span class='ocrx_word' id='word_1_233' title='bbox 462 3351 611 3389; x_wconf 75' lang='lat' dir='ltr'>nanc</span> <span class='ocrx_word' id='word_1_234' title='bbox 646 3336 1048 3405; x_wconf 72' lang='lat' dir='ltr'>coqnosce(W)</span> <span class='ocrx_word' id='word_1_235' title='bbox 1263 3352 1307 3389; x_wconf 94' lang='grc'>0.</span> <span class='ocrx_word' id='word_1_236' title='bbox 1340 3335 1469 3390; x_wconf 83' lang='grc' dir='ltr'>ΜΒ.</span> <span class='ocrx_word' id='word_1_237' title='bbox 1511 3365 1579 3377; x_wconf 88' lang='grc'>-</span> <span class='ocrx_word' id='word_1_238' title='bbox 1606 3351 1773 3404; x_wconf 77' lang='lat' dir='ltr'>prox.</span> <span class='ocrx_word' id='word_1_239' title='bbox 1906 3335 2175 3389; x_wconf 70' lang='lat' dir='ltr'>erim-ibus</span> 
     </span>
     <span class='ocr_line' id='line_1_36' title="bbox 246 3405 2176 3477; baseline -0.003 -17"><span class='ocrx_word' id='word_1_240' title='bbox 246 3406 378 3473; x_wconf 79' lang='lat' dir='ltr'><strong>(M).</strong></span> <span class='ocrx_word' id='word_1_241' title='bbox 593 3407 738 3477; x_wconf 58' lang='lat' dir='ltr'>sap]</span> <span class='ocrx_word' id='word_1_242' title='bbox 777 3405 984 3473; x_wconf 64' lang='lat' dir='ltr'>Cobet„</span> <span class='ocrx_word' id='word_1_243' title='bbox 1022 3406 1085 3460; x_wconf 89' lang='lat' dir='ltr'>B.</span> <span class='ocrx_word' id='word_1_244' title='bbox 1124 3437 1191 3448; x_wconf 89' lang='lat'>—</span> <span class='ocrx_word' id='word_1_245' title='bbox 1229 3406 1423 3472; x_wconf 76' lang='lat' dir='ltr'>fuisset</span> <span class='ocrx_word' id='word_1_246' title='bbox 1456 3421 1625 3474; x_wconf 76' lang='lat' dir='ltr'>omne,</span> <span class='ocrx_word' id='word_1_247' title='bbox 1660 3421 1771 3474; x_wconf 75' lang='lat' dir='ltr'>rep</span> <span class='ocrx_word' id='word_1_248' title='bbox 1812 3407 1832 3470; x_wconf 95' lang='lat'>(</span> <span class='ocrx_word' id='word_1_249' title='bbox 1911 3405 1983 3470; x_wconf 79' lang='lat'>.)?</span> <span class='ocrx_word' id='word_1_250' title='bbox 2021 3432 2088 3443; x_wconf 89' lang='lat'><em>—</em></span> <span class='ocrx_word' id='word_1_251' title='bbox 2125 3406 2176 3454; x_wconf 75' lang='lat' dir='ltr'>et</span> 
     </span>
     <span class='ocr_line' id='line_1_37' title="bbox 246 3421 1318 3547; baseline -0.001 -16"><span class='ocrx_word' id='word_1_252' title='bbox 246 3477 424 3532; x_wconf 77' lang='lat' dir='ltr'>iidem</span> <span class='ocrx_word' id='word_1_253' title='bbox 442 3421 608 3543; x_wconf 85' lang='lat' dir='ltr'>(ed.</span> <span class='ocrx_word' id='word_1_254' title='bbox 645 3478 824 3547; x_wconf 60' lang='lat' dir='ltr'>vett).</span> <span class='ocrx_word' id='word_1_255' title='bbox 897 3482 948 3532; x_wconf 82' lang='lat' dir='ltr'>et</span> <span class='ocrx_word' id='word_1_256' title='bbox 981 3478 1151 3532; x_wconf 81' lang='lat' dir='ltr'>eidem</span> <span class='ocrx_word' id='word_1_257' title='bbox 1187 3476 1318 3530; x_wconf 85' lang='grc' dir='ltr'>ΜΒ.</span> 
     </span>
    </p>
   </div>
  </div>
 </body>
</html>
