2338 3691
207 151 340 216 660
721 151 1081 209 EPISTOLA
1119 152 1187 218 Q.
1222 151 1601 208 CICERONIS

205 297 614 382 impeditum,
657 299 736 363 ut
776 298 989 364 facere
1036 298 1209 383 quod
1252 298 1551 382 promisit
1595 298 1843 384 cupiat,
1887 298 1946 363 si
1991 301 2130 366 ullo

121 398 180 441 ⁴9
207 385 399 451 modo
453 386 677 470 possit.
765 385 894 469 Ac,
950 407 1032 451 ne
1085 386 1306 451 videar
1360 385 1690 451 aberrasse
1736 410 1776 451 a
1822 387 2130 455 distribu-

204 474 386 539 tione
438 495 610 558 mea,
673 474 784 557 qui
844 436 1007 539 h'aec
1068 474 1140 538 in
1193 473 1316 539 hac
1368 476 1668 559 populari
1719 480 1906 560 parte
1962 478 2130 560 peti·

205 562 404 627 tionis
450 561 799 662 disputem,
850 562 976 627 hoc
1022 583 1282 647 sequor,
1335 562 1496 627 haec
1542 564 1761 628 omnia
1804 585 1943 629 non
1985 569 2128 630 tam

206 650 290 713 ad
352 649 705 715 amicorum
768 650 982 715 studia
1044 671 1240 734 quam
1302 650 1384 715 ad
1447 653 1826 736 popularem
1877 652 2128 719 famam

202 738 545 838 pertinere.
643 736 791 802 Etsi
851 738 1025 803 inest
1087 739 1328 823 aliquid
1381 759 1461 802 ex
1513 740 1627 805 illo
1687 760 1952 841 genere,
2015 742 2128 806 be·

203 826 402 910 nigne
464 826 893 911 respondere,
951 826 1238 891 studiose
1308 827 1620 892 inservire
1683 829 1977 913 negotiis
2048 851 2128 895 ac

201 914 505 997 periculis
559 915 937 999 amicorum,
990 917 1214 980 tamen
1256 914 1383 980 hoc
1426 916 1571 982 loco
1619 937 1697 981 ea
1750 915 1921 1000 dico,
1984 919 2128 1002 qui-

203 1001 325 1066 bus
379 1002 859 1071 multitudinem
914 1023 1141 1087 capere
1194 1004 1432 1087 possis,
1493 1007 1571 1069 ut
1623 1004 1702 1069 de
1755 1009 1948 1070 nocte
2008 1006 2125 1072 do·

202 1111 348 1156 mus
395 1091 810 1193 compleatur,
854 1094 929 1156 ut
971 1092 1161 1156 multi
1206 1113 1319 1176 spe
1363 1091 1463 1156 tui
1505 1093 1810 1176 praesidii
1853 1096 2125 1159 tenean-

200 1183 328 1263 tur,
370 1183 446 1244 ut
490 1179 820 1245 amiciores
858 1179 975 1244 abs
1011 1182 1078 1243 te
1115 1179 1449 1245 discedant
1484 1201 1679 1263 quam
1714 1183 2128 1267 accesserint,

202 1269 278 1332 ut
331 1289 525 1351 quam
569 1267 994 1351 plurimorum
1046 1289 1234 1332 aures
1294 1268 1539 1353 optimo
1596 1290 1890 1334 sermone
1948 1291 2122 1336 eom·

115 1433 182 1541 {f}
202 1356 639 1528 Pleagdqlditur
682 1445 882 1529 enim,
924 1448 1002 1511 ut
1044 1445 1123 1510 de
1167 1466 1424 1511 rumore
1472 1446 1811 1512 dicendum
1856 1447 1972 1531 sit,
2017 1448 2122 1512 cui

200 1532 476 1597 maxime
550 1533 955 1598 serviendum
1027 1536 1141 1599 est.
1260 1532 1413 1618 Sed,
1484 1555 1647 1618 quae
1720 1534 1893 1599 dicta
1968 1540 2127 1600 sunt

201 1621 381 1685 omni
425 1621 751 1705 superiore
806 1621 1125 1706 oratione,
1179 1621 1403 1696 eadem
1462 1622 1543 1687 ad
1597 1644 1920 1688 rumorem
1969 1645 2121 1688 con·

200 1708 654 1774 celebrandum
706 1710 951 1775 valent:
1015 1709 1269 1774 dicendi
1331 1710 1501 1793 laus,
1564 1710 1778 1776 studia
1830 1711 2120 1796 publica·

200 1816 436 1863 norum
480 1800 547 1862 et
592 1798 906 1882 equestris
953 1797 1217 1883 ordinis,
1261 1798 1600 1864 hominum
1643 1798 1970 1865 nobilium
2010 1823 2122 1866 vo-

197 1885 444 1969 luntas,
517 1876 1141 1953 adolescentulorum
1211 1886 1608 1972 frequentia,
1679 1909 1934 1972 eorum,
2001 1891 2121 1976 qui

200 1973 317 2036 abs
362 1977 427 2038 te
475 1974 724 2038 defensi
770 1978 948 2059 sunt,
994 1975 1365 2059 assiduitas,
1418 1996 1496 2040 ex
1539 1976 1908 2060 municipiis
1954 1979 2120 2041 mul—

195 2060 407 2125 titudo
473 2082 721 2146 eorum,
792 2083 954 2146 quos
1016 2066 1132 2128 tua
1207 2083 1403 2128 causa
1472 2064 1722 2128 venisse
1787 2071 2124 2150 appareat,

196 2147 361 2219 bene
407 2153 463 2214 te
505 2152 581 2214 ut
622 2149 917 2215 homines
971 2172 1194 2235 nosse,
1247 2152 1515 2217 comiter
1559 2153 1914 2237 appellare,
1960 2155 2119 2218 assi·

196 2236 320 2301 due
384 2258 460 2302 ac
524 2237 866 2324 diligenter
928 2243 1174 2324 petere,
1234 2239 1592 2325 benignum
1653 2262 1729 2305 ac
1782 2241 2120 2307 liberalem

195 2345 337 2389 esse
392 2327 458 2390 et
509 2326 860 2409 loquantur
920 2331 988 2392 et
1040 2327 1437 2412 existiment,
1499 2328 1726 2394 domus
1780 2333 1856 2394 ut
1907 2332 2119 2395 multa

195 2416 387 2478 nocte
415 2414 830 2499 compleatur,
866 2416 1156 2493 omnium
1192 2436 1504 2502 generum
1536 2416 1903 2500 frequentia
1937 2419 2120 2502 assit,

197 2501 473 2565 satisfiat
517 2503 810 2567 oratione
857 2490 1175 2588 omnibus,
1217 2525 1288 2568 re
1330 2526 1650 2588 operaque
1689 2506 1929 2589 multis,
1971 2528 2118 2591 per-

194 2587 449 2654 ficiatur
491 2589 587 2674 id,
632 2591 805 2674 quod
857 2592 997 2656 fieri
1041 2595 1303 2677 potest,-
1335 2593 1558 2658 labore
1603 2596 1670 2657 et
1713 2597 1853 2659 arte
1898 2615 1976 2659 ac
2023 2595 2117 2659 di-

194 2676 497 2763 ligentia,
551 2699 689 2744 non
732 2683 807 2745 ut
851 2679 935 2744 ad
979 2681 1293 2781 populum
1339 2681 1422 2744 ab
1467 2681 1547 2745 iis
1592 2681 1894 2746 omnibus
1935 2683 2121 2748 fama

195 2767 558 2850 perveniat,
612 2766 724 2831 sed
777 2771 853 2831 ut
903 2768 975 2835 in
1027 2768 1107 2832 iis
1164 2768 1395 2834 studiis
1448 2761 1726 2853 populus
1779 2771 1921 2855 ipse
1973 2793 2117 2837 ver·

112 2872 166 2914 ⁶1
197 2858 391 2919 setur.
478 2853 621 2919 Iam
664 2855 983 2920 urbanam
1027 2855 1209 2920 illam
1252 2857 1733 2923 multitudinem
1776 2863 1845 2924 et
1890 2882 2119 2925 eorum

195 2942 435 3026 studia,
489 2943 602 3025 qui
655 2944 996 3009 conciones
1051 2948 1305 3029 tenent,
1360 2944 1632 3030 adeptus
1687 2966 1755 3011 es
1807 2947 1880 3012 in
1924 2947 2115 3014 Pom·

195 3132 359 3200 (Erf.;
398 3131 498 3188 Ox.
537 3131 602 3188 Τ.
641 3134 701 3187 et
734 3132 859 3188 edd.
897 3136 1054 3201 vett„
1093 3134 1193 3190 sed
1226 3136 1351 3190 iis.
1409 3137 1535 3191 ‚iis
1571 3139 1630 3191 et
1664 3153 1730 3192 ea
1762 3140 1972 3207 causa).
2049 3140 2117 3206 ei,

190 3204 253 3322 2ss
277 3204 589 3339 ἳὲἕηέθῆἒέξ
633 3205 907 3328 mg}
918 3220 1122 3342 m,
1107 3221 1156 3260 ²²
1143 3207 1545 3347 32³ng
1582 3208 1705 3344 gv
1707 3209 1924 3333 tem.
1947 3209 2113 3334 ἓὶἆὲ

192 3339 364 3402 c.(ei,
401 3357 638 3406 quemv.
677 3343 1133 3399 iwciam'l'urn.
1172 3295 1829 3416 κθκευοοᾱῶ).9ίί3,
1862 3365 1912 3418 9.
1948 3366 2026 3416 n„
2061 3367 2110 3418 9.

190 3419 450 3540 5212ng
483 3425 533 3463 v.
570 3427 636 3466 ea
670 3427 715 3468 c.
752 3412 817 3467 B.
894 3420 978 3483 13,
1009 3421 1092 3470 50.
1140 3431 1249 3472 esse
1284 3422 1335 3471 et
1369 3417 1667 3487 loquantur
1704 3418 1814 3486 (W.
1816 3422 1854 3490 ).
1927 3434 2038 3475 esse
2073 3420 2108 3475 1.
