2338 3691
150 3032 179 3082 1

212 133 352 198 474
782 133 857 187 Μ.
895 132 1141 187 TULLII
1179 131 1564 189 CICERONIS

1035 381 1297 447 LXXII.

632 549 643 559 ‚
772 500 886 558 Ser.
924 503 1134 558 Romae
1173 519 1222 557 a.
1261 521 1317 557 u.
1355 521 1400 558 c.
1441 510 1561 559 708.

437 642 514 699 Μ.
552 642 812 699 CICERO
850 644 910 699 P.
950 644 1287 700 SERVILIO
1328 644 1708 731 COLLEGAE
1748 642 1902 700 SAL.

349 750 716 853 Caerelliae,
758 754 1156 819 necessariae
1202 775 1410 837 meae,
1454 775 1609 837 rem,
1652 754 1936 837 nomina,
1982 774 2129 837 pos-

214 842 532 907 sessiones
595 840 916 906 Asiaticas
981 841 1424 908 commendavi
1493 843 1617 907 tibi
1686 863 1990 927 praesens
2059 842 2128 905 in

212 929 420 996 hortis
472 929 603 994 tuis
659 952 852 1015 quam
896 931 1080 1014 potui
1143 930 1661 1015 diligentissime,
1724 933 1922 1013 tuque
1968 929 2128 993 1111111

212 1040 333 1104 pro
376 1022 492 1082 tua
535 1019 993 1084 consuetudine
1037 1040 1281 1121 proque
1333 1019 1464 1083 tuis
1520 1019 1591 1083 in
1644 1039 1746 1083 me
1801 1018 2125 1103 perpetuis

214 1107 636 1192 maximisque
683 1107 909 1172 officiis
956 1108 1175 1172 omnia
1215 1110 1282 1171 te
1326 1107 1648 1172 facturum
1681 1106 2127 1175 liberalissime

213 1195 544 1280 recepisti.
627 1195 996 1260 meminisse
1068 1199 1133 1261 te
1213 1195 1283 1259 id
1364 1217 1549 1280 spero
1607 1232 1691 1242 —
1749 1194 1880 1259 scio
1956 1196 2127 1259 enim

215 1284 420 1348 solere
466 1307 580 1367 —3
637 1283 749 1349 sed
800 1286 1021 1349 tamen
1074 1281 1422 1349 Caerelliae
1476 1287 1920 1384 procuratores
1977 1283 2128 1347 scri-

213 1375 485 1456 pserunt
536 1375 601 1437 te
654 1375 920 1456 propter
970 1372 1485 1457 magnitudinem
1547 1371 1914 1457 provinciae
1967 1372 2128 1435 mul-

213 1459 682 1544 titudinemque
745 1460 1152 1545 negotiorum
1217 1461 1413 1525 etiam
1476 1463 1668 1545 atque
1732 1459 1927 1524 etiam
1989 1480 2128 1523 esse

215 1548 932 1615 commonefaciendum.
1021 1547 1182 1614 Peto
1238 1549 1461 1633 igitur,
1523 1553 1600 1614 ut
1642 1548 2009 1613 memineris
2062 1551 2128 1610 te

217 1634 452 1720 omnia,
498 1658 660 1721 quae
704 1641 819 1701 tua
860 1636 1017 1702 fides
1062 1640 1416 1722 pateretur,
1460 1638 1623 1702 mihi
1668 1637 1988 1702 cumulate
2032 1657 2128 1700 re·

217 1725 478 1808 cepisse.
568 1724 886 1808 Equidem
942 1726 1237 1790 existimo
1292 1726 1528 1790 habere
1571 1729 1638 1791 te
1669 1722 1991 1809 ‘magnam
2035 1724 2128 1788 fa-

217 1813 523 1878 cultatem
552 1851 635 1860 —
675 1814 787 1879 sed
831 1814 954 1880 1106
996 1814 1095 1879 1111
1139 1817 1240 1879 661
1284 1814 1536 1880 consilii
1581 1816 1647 1879 et
1689 1813 1909 1878 iudicii
1937 1851 2021 1860 —
2051 1834 2129 1877 ex

218 1921 295 1966 eo
353 1906 613 1967 senatus
659 1903 973 1987 consulto,
1020 1904 1191 1989 quod
1243 1904 1315 1968 in
1367 1903 1632 1968 heredes
1688 1901 1757 1969 C.
1802 1901 2130 1967 Vennonii

217 1988 462 2053 factum
506 1994 621 2074 est,
658 1988 1006 2055 Caerelliae
1044 1992 1520 2057 commodandi.
1566 1991 1634 2056 id
1680 1994 1942 2056 senatus
1980 2012 2128 2055 con·

219 2078 459 2142 sultum
519 2082 594 2143 tu
654 2077 1158 2162 interpretabere
1220 2102 1339 2165 pro
1400 2084 1517 2144 tua
1578 2080 1922 2164 sapientia3
1998 2079 2128 2143 scio

218 2165 391 2230 enim
463 2166 598 2230 eius
672 2166 914 2232 ordinis
988 2169 1435 2234 auctoritatem
1506 2189 1756 2252 semper
1829 2167 2002 2251 apud
2063 2171 2135 2230 te

216 2254 440 2339 magni
484 2254 698 2320 fuisse.
789 2254 974 2331 Quod
1017 2257 1334 2341 reliquum
1379 2260 1495 2341 est,
1542 2257 1633 2321 sic
1674 2256 1869 2320 velim
1914 2255 2127 2320 existi-

215 2364 373 2426 mes,
419 2343 923 2429 quibuscumque
959 2345 1151 2409 rebus
1189 2343 1535 2410 Caerelliae
1570 2344 1850 2431 benigne
1885 2344 2130 2427 feceris,

217 2430 378 2495 mihi
420 2434 486 2495 te
533 2432 971 2545 gratissimum
1016 2454 1156 2497 esse
1199 2433 1537 2501 facturum.

1031 2644 1325 2709 LXXIII.

774 2764 888 2820 Scr.
926 2765 1135 2819 Romae
1175 2783 1225 2820 a.
1264 2784 1317 2819 u.
1354 2782 1400 2819 6.
1440 2770 1559 2822 700.

482 2904 556 2960 Μ.
597 2904 862 2961 CICERO
900 2904 962 2971 Q.
1000 2905 1338 2961 PHILIPPO
1375 2905 1669 2962 PROCOS.
1710 2905 1859 2962 SAL.

353 3012 658 3079 Gratulor
699 3014 821 3079 tibi
827 3064 847 3099 ,
900 3014 1073 3098 quod
1127 3033 1206 3078 ex
1248 3016 1581 3100 provincia
1635 3017 1885 3082 salvum
1937 3018 2004 3080 te
2052 3014 2137 3079 ad

217 3102 366 3165 tuos
409 3102 734 3187 recepisti,
787 3103 1095 3168 incolumi
1139 3102 1316 3167 fama
1360 3108 1425 3168 et
1466 3125 1536 3169 re
1580 3103 1856 3189 publica.
1948 3103 2136 3180 Quod

361 3322 465 3377 E.
506 3332 667 3392 72,1.
722 3330 997 3399 recepisti.-
1038 3345 1189 3384 meon.
1264 3345 1471 3399 .spero
1508 3361 1576 3370 —
1611 3331 1724 3385 66ἰο
1759 3347 1801 3386 6.
1839 3331 2007 3386 solere
2034 3361 2090 3371 -
2113 3350 2136 3395 ,-

221 3391 314 3444 sed
448 3396 522 3516 .).
585 3412 689 3450 rec.
747 3399 887 3453 M.
910 3415 1074 3468 ‚sp.,·
1115 3416 1158 3454 6.
1197 3417 1240 3456 6.
1276 3415 1319 3455 6.
1385 3399 1494 3456 Sed
1529 3400 1717 3471 vulgo.
1802 3406 1851 3455 2.
1910 3417 2136 3457 commo-

222 3459 426 3514 dandi.-
460 3464 705 3533 ul(W..)
779 3483 823 3521 6.
880 3469 974 3524 Id.
1011 3470 1201 3540 vulgo·
