2338 3691
805 137 1324 195 EPISTOLARUM
1359 138 1429 193 X.
1466 145 1515 192 8.
1554 144 1604 195 4.
2031 136 2161 200 299

251 303 466 348 rerum
520 285 705 348 tuum
765 283 1073 349 iudicium
1135 287 1238 348 est
1287 284 1480 367 idque
1531 282 1822 348 liberum.
1920 279 2164 347 Consul

251 393 322 436 es
386 371 788 473 designatum,
859 372 1106 457 optima
1169 375 1407 457 aetate,
1465 393 1716 437 summa
1778 370 2163 455 eloquentia,

249 460 532 524 maxima
587 460 861 525 orbitate
914 461 1009 525 rei
1064 461 1363 546 publicae
1414 460 1699 526 virorum
1751 460 2005 524 talium·
2066 459 2163 523 in-

246 548 500 633 cumbe,
544 569 660 633 per
694 548 849 617 deos
884 549 1306 622 immortales!
1351 550 1422 614 in
1457 571 1601 614 eam
1635 570 1855 614 curam
1891 551 1958 613 et
1992 548 2163 634 cogi—

252 637 586 721 tationem,
632 659 794 722 quae
837 637 960 702 tibi
1006 659 1324 703 summam
1369 638 1754 724 dignitatem
1789 640 1855 702 et
1892 637 2165 721 gloriam

248 725 511 808 afferat3
565 747 734 790 unus
790 728 1007 791 autem
1060 730 1186 811 est,
1249 727 1373 792 hoc
1426 725 1807 812 praesertim
1857 728 2165 809 tempore,

252 835 371 898 per
431 817 537 878 tot
598 836 805 880 annos
867 836 938 880 re
1000 815 1261 899 publica
1331 815 1654 899 divexata,
1714 814 1808 879 rei
1869 814 2165 899 publicae

249 903 419 967 bene
483 902 801 988 gerendae
865 924 1088 968 cursus
1152 903 1236 968 ad
1308 904 1600 989 gloriam.
1706 901 1887 967 Haec
1948 924 2164 968 amore
2201 913 2236 963 4

251 991 464 1076 magis
509 991 824 1076 impulsus
871 992 1213 1057 scribenda
1264 992 1347 1056 ad
1389 996 1455 1057 te
1500 992 1751 1076 putavi,
1796 1012 1992 1075 quam
2036 1013 2163 1075 quo

247 1082 320 1144 te
367 1078 714 1144 arbitrarer
766 1080 1032 1146 monitis
1086 1084 1154 1147 et
1204 1081 1563 1169 praeceptis
1618 1100 1832 1166 egere3
1886 1080 2167 1144 sciebam

247 1169 429 1233 enim
476 1190 555 1233 ex
595 1169 825 1234 iisdem
866 1173 933 1233 te
977 1169 1137 1233 haec
1173 1170 1430 1234 haurire
1464 1169 1775 1252 fontibus,
1820 1189 1898 1232 ex
1933 1168 2166 1252 quibus

248 1257 393 1341 ipse
439 1256 805 1322 hauseram:
861 1279 1058 1342 quare
1112 1258 1377 1324 modum
1428 1258 1682 1322 faciam.
1779 1254 1972 1321 Nunc
2022 1259 2167 1321 tan-

255 1348 396 1409 tum
453 1345 948 1430 significandum
1000 1347 1253 1431 putavi,
1315 1349 1390 1411 ut
1440 1346 1658 1432 potius
1711 1366 1993 1410 amorem
2045 1343 2168 1409 fibi

256 1433 663 1499 ostenderem
723 1456 937 1500 meum
947 1486 965 1519 ‚
1028 1456 1223 1519 quam
1286 1438 1680 1500 ostentarem
1740 1432 2166 1518 prudentiam.

255 1521 532 1608 Interea,
576 1544 739 1607 quae
786 1523 868 1588 ad
904 1524 1290 1610 dignitatem
1324 1526 1506 1589 tuam
1540 1522 1860 1608 pertinere
1898 1521 2167 1587 arbitra-

255 1611 394 1695 bor,
440 1611 726 1677 studiose
771 1612 1239 1699 diligenterque
1285 1613 1543 1679 curabo.

1150 1822 1265 1891 IV.

330 1936 447 1990 Scr.
495 1935 555 1991 in
601 1936 788 1991 Gallia
842 1937 1217 2009 Transalpina
1271 1940 1401 2063 pgsg,
1449 1937 1515 1991 V.
1572 1937 1703 1991 Idus
1756 1935 2090 1991 Decembres

1019 2025 1068 2063 a.
1108 2028 1160 2062 u.
1203 2026 1247 2063 c.
1398 2052 1408 2062 .

851 2130 1182 2187 PLANCUS
1220 2130 1576 2187 CICERONI.

267 2303 275 2311 ‚
392 2229 810 2296 Gratissimae
854 2232 1014 2297 mihi
1057 2236 1210 2296 tuae
1253 2232 1506 2296 litterae
1549 2231 1841 2316 fuerunt,
1886 2253 2046 2315 quas
2092 2252 2170 2296 ex
2208 2250 2238 2301 1

260 2319 487 2386 Furnii
533 2341 826 2386 sermone
870 2323 935 2384 te
981 2320 1313 2404 scripsisse
1358 2320 1799 2385 animadverti.
1869 2318 2015 2405 Ego
2060 2342 2169 2385 au-

260 2413 393 2474 tem
446 2409 779 2494 praeteriti
831 2410 1142 2493 temporis
1198 2409 1675 2474 excusationem
1717 2408 1944 2493 affero,
1998 2409 2171 2493 quod

259 2500 325 2562 te
369 2497 734 2581 profectum
779 2498 1105 2584 audiessam
1150 2518 1270 2562 nec
1314 2498 1518 2563 multo
1565 2500 1717 2562 ante
1751 2496 1993 2562 redisse
2039 2496 2171 2582 scii,

263 2606 455 2669 quam
503 2607 580 2650 ex
625 2586 899 2669 epistola
941 2589 1057 2650 tua
1101 2587 1403 2671 cognovi3
1456 2586 1709 2651 nullum
1762 2585 1933 2651 enim
1988 2585 2059 2650 in
2103 2588 2170 2650 te

262 2674 565 2759 officium,
608 2695 693 2739 nc
737 2675 1076 2739 minimum
1121 2674 1405 2759 quidem,
1459 2674 1597 2739 sine
1650 2675 1931 2739 maxima
1982 2674 2173 2757 culpa

261 2763 482 2828 videor
517 2784 708 2846 posse
745 2763 1110 2848 praeterire,
1144 2764 1216 2827 in
1254 2784 1381 2847 quo
1417 2763 1658 2829 tuendo
1695 2763 1903 2828 habeo
1943 2782 2170 2826 causas

260 2852 570 2935 plurimas
634 2852 737 2916 vel
799 2856 1107 2936 paternae
1168 2851 1661 2917 necessitudinis
1724 2852 1827 2916 vel
1888 2871 2068 2915 meae
2132 2871 2172 2913 a

259 2940 541 3024 puerifia
574 2940 1020 3005 observantiae
1056 2941 1160 3006 vel
1203 2941 1302 3006 tui
1337 2961 1492 3027 erga
1527 2961 1631 3004 me
1672 2940 1881 3005 mutui
1916 2937 2171 3003 amoris.
2241 2951 2249 2958 '

260 3027 498 3113 Quare,
543 3029 635 3093 mi
681 3026 931 3114 Cicero,
985 3029 1156 3113 quod
1202 3051 1348 3094 mea
1398 3033 1638 3113 tuaque
1682 3028 1928 3112 patitur
1973 3029 2171 3111 aetaS,
2207 3047 2239 3096 2

258 3117 573 3201 persuade
616 3117 739 3181 tibi
801 3122 866 3183 te
930 3139 1132 3182 unum
1188 3139 1353 3201 esse,
1414 3118 1487 3181 in
1539 3138 1667 3200 quo
1724 3136 1845 3201 ego
1900 3115 2170 3181 colendo

259 3206 538 3289 patriam
581 3205 743 3272 mihi
788 3206 1232 3272 constituerim
1274 3205 1702 3270 sanctitatem
1776 3192 2009 3269 Omnia
2052 3202 2170 3288 igi-

259 3297 366 3358 tur
409 3297 524 3359 tua
571 3293 839 3360 consilia
884 3295 1045 3359 mihi
1089 3316 1226 3360 non
1269 3294 1478 3379 magis
1537 3292 1915 3379 prudentiae
1961 3292 2172 3376 plena,

400 3486 504 3557 Ep.
542 3493 593 3556 8,
621 3493 672 3542 3.
743 3488 1004 3544 divexata
1038 3486 1163 3557 (L).
1237 3487 1349 3541 dev.
1388 3485 1481 3553 M„
1516 3485 1702 3554 vulgo.
