2338 3691
511 121 1027 177 EmsToLARUM
1053 121 1153 177 AD
1183 119 1248 186 Q.
1277 104 1658 178 FRATREM
1679 127 1719 179 1.
1752 132 1802 185 1.
1988 126 2115 192 571

184 272 261 334 et
303 289 685 334 conservare
729 267 1079 352 patiantur.
1150 263 1278 331 Sed
1318 264 1476 348 quid
1513 289 1635 353 ego
1672 272 1737 333 te
1770 268 1931 334 haec
1965 269 2194 335 hor-ae

191 361 315 441 tor,
361 379 525 441 quae
571 359 645 421 tu
681 378 816 421 non
850 355 1045 421 modo
1081 355 1292 420 facere
1328 358 1518 438 potes
1555 360 1670 421 tua
1705 360 1937 458 sponte
1974 358 2111 422 sine

184 446 573 529 cuiusquam
635 445 1021 529 praeceptis,
1093 444 1206 509 sed
1269 443 1468 508 etiam
1530 465 1771 530 magna
1839 445 1969 510 iam
2034 467 2113 509 ex

191 537 379 618 parte
431 532 802 617 perfecisti?
865 554 1002 598 non
1063 533 1238 597 enim
1294 532 1615 598 desistunt
1665 532 1855 599 nobis
1918 554 2110 617 agere

184 621 483 707 quotidie
530 622 774 707 gratias
817 621 1312 687 honestissimae
1359 624 1426 687 et
1468 622 1784 686 maximae
1843 621 2110 687 societa-

188 714 318 795 tes3
365 710 536 795 quod
583 710 842 795 quidem
884 709 1046 775 mihi
1088 710 1329 775 idcirco
1372 709 1714 776 iucundius
1759 712 1885 794 est,
1939 710 2112 794 quod

182 799 366 863 idem
420 798 671 864 faciunt
723 796 976 884 Graeci,
1039 798 1301 863 difficile
1366 802 1466 863 est
1518 800 1734 863 autem
1788 820 1892 883 ea,
1946 820 2110 883 quae

185 887 578 972 commodis,
639 887 920 953 utilitate
975 890 1043 952 et
1092 909 1294 972 prope
1347 890 1584 968 natura
1637 887 1889 953 diversa
1942 889 2113 972 sunt,

194 976 530 1040 voluntate
585 976 995 1061 coniungere.
1083 975 1177 1040 At
1229 997 1308 1040 ea
1360 975 1645 1061 quidem,
1698 996 1862 1060 quae
1918 996 2114 1060 supra

196 1065 437 1149 scripta
482 1067 662 1148 sunt,
713 1086 850 1129 non
904 1068 978 1129 ut
1029 1068 1096 1129 te
1139 1064 1546 1129 instituerem
1598 1064 1827 1148 scripsi
1869 1099 1957 1112 —-
2001 1084 2112 1128 ne·

191 1173 325 1237 que
369 1153 541 1217 enim
584 1153 928 1238 prudentia
970 1156 1087 1217 tua
1131 1153 1509 1236 cuiusquam
1562 1156 1907 1237 praecepta
1950 1151 2113 1216 desi-

190 1240 384 1306 derat
425 1277 541 1325 ·-,
587 1242 698 1306 sed
743 1264 845 1306 me
889 1242 961 1306 in
1006 1241 1344 1307 scribendo
1391 1241 1914 1307 commemoratio
1960 1244 2113 1305 tuae

197 1330 477 1398 virtutis.
505 1330 870 1395 delectavit:
918 1351 1309 1414 quamquam
1343 1329 1413 1394 in
1449 1329 1552 1394 his
1588 1330 1820 1395 litteris
1855 1330 2116 1414 longior

196 1417 320 1502 fui,
383 1441 579 1503 quam
642 1422 757 1483 aut
818 1419 1050 1484 vellem
1103 1422 1219 1483 aut
1272 1440 1468 1503 quam
1521 1439 1623 1483 me
1676 1418 1901 1503 putavi
1954 1418 2114 1482 fore.

191 1505 420 1572 Unum
465 1510 591 1592 est,
646 1506 818 1591 quod
862 1507 983 1572 tibi
1037 1528 1159 1593 ego
1204 1507 1572 1610 praecipere
1624 1527 1761 1571 non
1806 1505 2114 1591 desinam,
2137 1499 2200 1607 ἐξ

193 1599 499 1749 1111
519 1596 755 1749 111
788 1595 1371 1768 111111
1406 1616 1712 1767 1111
1737 1596 2116 1749 11111

197 1772 456 1858 virtute,
499 1773 895 1860 integritate,
929 1772 1335 1838 humanitate
1371 1775 1896 1857 commemorant,
1934 1772 2063 1837 ut
2042 1794 2116 1840 m

194 1862 328 1926 tuis
384 1863 650 1928 summis
705 1861 1004 1927 laudibus
1058 1862 1383 1946 excipiant
1439 1884 1637 1927 unam
1689 1862 2115 1946 iracundiam3

186 1949 372 2034 quod
434 1951 665 2016 vitium
729 1973 928 2034 quum
988 1951 1060 2015 in
1119 1951 1246 2016 hac
1305 1951 1558 2036 privata
1611 1950 2114 2036 quotidianaque

197 2038 333 2104 vita
394 2039 554 2104 levis
617 2061 758 2105 esse
822 2039 1022 2104 animi
1085 2044 1279 2123 atque
1331 2039 1570 2105 infirmi
1632 2040 1912 2125 videtur,
1972 2044 2115 2105 tum

199 2148 351 2191 vero
397 2128 562 2192 nihil
607 2131 706 2192 est
747 2131 885 2192 tam
928 2128 1233 2211 deforme,
1279 2150 1472 2212 quam
1508 2128 1589 2193 ad
1631 2149 1955 2194 summum
1996 2129 2112 2207 ,im-

198 2214 451 2298 perium
487 2216 683 2280 etiam
718 2216 1131 2282 acerbitatem
1166 2220 1439 2282 naturae
1477 2217 1844 2301 adiungere.
1904 2215 2114 2291 Quare

195 2302 362 2367 illud
408 2324 545 2368 non
590 2304 950 2390 suscipiam,
993 2309 1086 2389 ut,
1130 2326 1295 2389 quae
1342 2305 1420 2369 de
1464 2303 1797 2369 iracundia
1842 2302 1969 2368 dici
2013 2324 2115 2369 so·

194 2391 339 2456 lent
392 2413 432 2455 a
487 2391 872 2458 doctissimis
929 2393 1330 2477 hominibus,
1394 2414 1469 2457 ea
1520 2413 1698 2457 nunc
1747 2391 1870 2457 tibi
1924 2414 2115 2477 expo-

190 2501 373 2564 nam,
418 2502 615 2564 quum
662 2485 729 2545 et
771 2482 965 2546 nimis
1006 2482 1246 2567 longus
1292 2503 1430 2546 esse
1470 2481 1675 2546 nolim
1719 2483 1786 2546 et
1830 2502 1908 2546 ex
1952 2481 2114 2547 mul-

196 2570 414 2633 torum
477 2569 732 2654 scriptis
798 2590 876 2634 ea
934 2570 1123 2634 facile
1186 2570 1396 2654 possis
1459 2589 1873 2654 cognoscere:
1936 2569 2114 2652 illud,

192 2656 374 2739 ‚quod
419 2661 518 2722 est
563 2658 875 2742 epistolae
916 2659 1280 2743 proprium,
1322 2660 1398 2724 ut
1440 2658 1524 2743 is,
1580 2658 1660 2722 ad
1716 2678 1906 2741 quem
1963 2657 2113 2722 scri-

196 2744 392 2827 bitur,
437 2745 516 2810 de
560 2746 640 2810 iis
686 2746 899 2830 rebus,
944 2769 1104 2831 quas
1148 2747 1429 2832 ignorat,
1477 2746 1713 2811 certior
1755 2745 1888 2830 fiat,
1931 2767 2114 2830 prae-

188 2833 686 2899 termittendum
740 2856 879 2899 esse
937 2856 1074 2900 non
1134 2838 1315 2920 puto.
1405 2833 1511 2900 Sic
1575 2834 1658 2900 ad
1710 2855 1833 2899 nos
1888 2856 2113 2900 omnes
2141 2855 2196 2898 ss

192 2921 331 2985 fere
378 2921 704 3006 deferunt,
748 2923 939 3007 nihil,
983 2946 1185 3008 quum
1228 2923 1400 2988 absit
1449 2922 1811 3007 iracundia,
1863 2925 1930 2988 te
1976 2923 2115 2988 fieri

194 3030 386 3093 posse
441 3010 810 3095 iucundius,
862 3012 1002 3097 sed,
1054 3034 1254 3097 quum
1299 3016 1365 3076 te
1412 3012 1679 3078 alicuius
1732 3011 2144 3096 improbitas*

189 3099 707 3183 perversitasque
769 3100 1214 3184 commoverit,
1274 3101 1368 3165 sic
1428 3103 1495 3166 te
1560 3100 1776 3166 animo
1840 3100 2115 3183 incitari,

192 3189 270 3251 ut
327 3187 408 3252 ab
462 3188 763 3253 omnibus
814 3191 931 3253 tua
984 3188 1379 3254 desideretur
1434 3188 1833 3254 humanitasz
1897 3208 2115 3273 quare,

333 3394 440 3466 Ep.
471 3403 529 3465 1,
558 3403 643 3452 36.
719 3397 946 3465 Graeci,
991 3399 1218 3465 difficile
1262 3398 1414 3468 (W)
1506 3395 1607 3464 ὥς
1655 3397 1708 3451 ἅ.
1743 3395 1934 3465 vulgo,
2022 3399 2110 3449 3⁷.

189 3465 409 3536 iquoret
445 3466 658 3538 (Ern.)?
