2338 3691
217 125 346 189 326
783 123 857 177 Μ.
896 122 1146 178 TULLII
1183 121 1564 178 CICERONIS

216 274 353 336 tam
399 274 472 335 tu
517 269 677 334 mihi
723 272 937 333 tecum
983 290 1121 334 esse
1157 267 1439 351 voluisti,
1485 267 1843 332 desiderare
1879 267 2129 332 videtur

218 359 574 446 gratiarum
622 358 967 440 actionem,
1021 378 1229 441 neque
1276 378 1397 442 ego
1443 357 1721 422 libenter
1765 378 1884 441 pro
1934 358 2125 421 maxi·

217 449 339 512 mis
385 448 514 512 tuis
569 445 896 511 beneficiis
941 449 1077 510 tam
1131 446 1244 510 vili
1299 466 1562 510 munere
1618 445 1939 532 defungor
1993 468 2127 511 ora-

217 536 414 602 tionis
425 587 442 619 ,
498 538 563 599 et
616 536 787 600 malo
847 555 1152 619 praesens
1211 535 1647 619 observantia,
1709 535 2129 620 indulgentia,

218 625 593 690 assiduitate
657 644 1006 688 memorem
1078 646 1180 689 me
1245 624 1365 688 tibi
1426 624 1720 709 probare.
1829 623 2033 700 Quod.
2076 625 2129 688 si

217 713 376 778 mihi
423 714 556 778 vita
611 713 982 798 contigerit,
1030 735 1253 779 omnes
1301 716 1521 798 gratas
1577 713 1892 778 amicitias
1938 717 2129 798 atque

219 803 411 867 etiam
467 803 607 887 pias
662 802 1179 887 propinquitates
1239 799 1331 888 [in
1375 805 1492 867 tua
1546 802 1983 886 observantia,
2035 803 2104 867 in

220 891 571 977 dulgentia,
618 887 1016 978 assiduitate]
1066 891 1348 974 vincam3
1406 913 1590 956 amor
1643 892 1815 956 enim
1858 895 2011 957 tuus
2057 912 2129 957 ac

218 979 525 1045 iudicium
571 980 648 1044 de
694 1001 796 1044 me
842 983 1059 1044 utrum
1103 979 1264 1044 mihi
1309 981 1455 1065 plus
1494 980 1831 1065 dignitatis
1875 981 1945 1045 in
1989 1001 2127 1065 per·

218 1073 487 1153 petuum
551 1090 638 1132 an
699 1069 1050 1152 voluptatis
1115 1069 1401 1153 quotidie
1455 1069 1542 1134 sit
1594 1071 1934 1153 allaturus,
1997 1091 2128 1134 non

149 1176 180 1223 2
218 1158 405 1223 facile
453 1158 737 1223 dixerim
826 1157 925 1222 De
971 1158 1250 1223 militum
1297 1157 1648 1225 commodis
1692 1158 1819 1223 fuit
1860 1158 1981 1224 tibi
2026 1181 2127 1223 cu-

218 1269 353 1330 rae3
407 1269 570 1333 quos
626 1267 747 1332 ego
803 1268 939 1313 non
996 1248 1326 1330 potentiae
1371 1269 1551 1312 meae
1596 1269 1792 1313 causa
1835 1284 1924 1296 —-
1968 1248 2129 1312 nihil

219 1336 391 1401 enim
454 1359 555 1401 me
619 1357 757 1401 non
820 1337 1189 1400 salutariter
1253 1337 1537 1422 cogitare
1601 1337 1725 1401 scis
1772 1373 1856 1383 —-
1914 1337 2124 1401 ornari

218 1425 393 1490 volui
437 1448 479 1491 a
525 1428 772 1509 senatu,
816 1425 927 1490 sed
973 1426 1270 1509 primum,
1315 1425 1487 1509 quod
1531 1425 1625 1490 ita
1661 1426 1924 1491 meritos
1969 1425 2125 1490 iudi·

220 1515 464 1598 cabam,
509 1514 756 1599 deinde,
802 1513 972 1598 quod
1019 1514 1101 1582 ad
1148 1534 1370 1579 omnes
1418 1535 1602 1579 casus
1658 1515 2127 1580 coniunctiores

218 1604 312 1667 rei
356 1603 651 1705 publicae
696 1625 834 1668 esse
889 1603 1211 1687 volebam,
1255 1603 1629 1687 novissime,
1681 1606 1758 1668 ut
1811 1603 1892 1668 ab
1955 1604 2127 1669 omni

220 1692 509 1757 omnium
556 1691 1006 1757 sollicitatione
1052 1713 1310 1757 aversos
1357 1713 1467 1757 eos
1512 1693 1675 1757 tales
1720 1692 1904 1756 vobis
1949 1715 2126 1777 prae·

148 1799 181 1848 3
221 1784 390 1845 stare
443 1802 726 1866 possem,
786 1780 1007 1864 quales
1062 1780 1273 1848 adhuc
1329 1780 1611 1847 fuerunt.
1717 1779 1856 1847 Nos
1921 1782 2127 1848 adhuc

217 1869 326 1934 hic
372 1870 590 1934 omnia
634 1870 889 1954 integra
935 1871 1382 1935 sustinuimus:
1431 1870 1602 1956 quod
1640 1871 1980 1936 consilium
2017 1894 2126 1937 no·

220 1961 454 2040 strum,
500 1959 647 2041 etsi,
693 1962 937 2042 quanta
983 1960 1067 2023 sit
1112 1960 1386 2024 aviditas
1431 1960 1767 2025 hominum
1810 1981 1946 2025 non
1992 1962 2127 2026 sine

220 2068 415 2111 causa
459 2048 501 2124 †
546 2047 696 2111 talis
750 2047 1082 2130 victoriae,
1136 2049 1296 2131 scio,
1356 2052 1578 2113 tamen
1631 2049 1815 2114 vobis
1867 2049 2124 2134 probari

220 2157 435 2220 sper03
479 2157 615 2214 non
651 2136 841 2220 enim,
877 2137 931 2200 si
968 2136 1122 2220 quid
1157 2137 1229 2202 in
1262 2137 1365 2202 his
1394 2138 1775 2203 exercitibus
1813 2138 1897 2202 sit
1934 2139 2126 2203 offen·

221 2247 388 2308 sum,
451 2246 691 2310 magna
755 2225 1049 2294 subsidia·
1090 2247 1194 2291 res
1246 2227 1505 2310 publica
1565 2227 1764 2291 habet
1817 2228 2128 2312 expedita,

222 2314 452 2397 quibus
500 2315 712 2379 subito
758 2315 1003 2399 impetu
1049 2337 1124 2379 ac
1158 2315 1499 2381 latrocinio
1535 2316 1999 2400 parricidarum
2035 2339 2126 2382 re-

222 2403 425 2467 sistat.
497 2401 730 2488 Copias
777 2425 928 2469 vero
973 2407 1231 2470 nostras
1267 2407 1458 2469 notas
1493 2404 1615 2469 tibi
1651 2426 1789 2470 esse
1825 2405 2127 2470 arbitror:

219 2492 289 2556 in
336 2492 561 2557 castris
606 2494 764 2557 meis
818 2492 1106 2578 legiones
1163 2497 1318 2558 sunt
1369 2496 1712 2558 veteranae
1765 2497 1924 2578 tres,
1977 2495 2128 2560 tiro-

218 2602 394 2664 num,
437 2582 540 2645 vel
576 2581 1082 2647 luculentissima
1118 2603 1195 2646 ex
1234 2582 1550 2666 omnibus,
1594 2604 1752 2666 una3
1795 2583 1866 2647 in
1902 2585 2128 2649 castris

219 2669 408 2735 Bruti
443 2692 576 2734 una
608 2674 913 2736 veterana
947 2671 1137 2756 legi0,
1175 2672 1377 2735 altera
1412 2671 1606 2754 bima,
1643 2675 1789 2737 octo
1826 2672 2128 2737 tironum.

218 2758 323 2824 Ita
359 2760 693 2824 universus
739 2760 1052 2824 exercitus
1089 2782 1357 2825 numero
1396 2760 1828 2844 amplissimus
1866 2765 1983 2843 est,
2027 2761 2128 2825 fir-

217 2849 442 2914 mitate
490 2849 785 2933 exiguus3
840 2852 1154 2932 quantum
1210 2852 1425 2914 autem
1478 2849 1548 2913 in
1604 2849 1738 2914 acie
1791 2849 1992 2915 tironi
2047 2850 2132 2915 sit

219 2936 775 3020 committendum,
830 2937 1102 3001 nimium
1163 2958 1353 3022 saepe
1413 2941 1746 3022 expertum
1797 2938 2130 3016 habemus,

148 3042 182 3089 4
221 3022 324 3088 Ad
368 3025 494 3091 hoc
536 3027 735 3100 robur
777 3030 1147 3094 nostrorum
1185 3026 1576 3091 exercituum
1620 3028 1755 3092 sive
1782 3026 2129 3093 Africanus

222 3113 550 3197 exercituS,
591 3115 701 3198 qui
737 3117 838 3181 est
872 3118 1233 3199 veteranus,
1261 3116 1392 3180 sive
1420 3114 1714 3180 Caesaris
1744 3118 2131 3201 accessisset,

361 3335 462 3405 Ep.
502 3344 595 3406 24,
638 3345 684 3393 1
749 3358 910 3411 prop.
965 3342 1052 3413 [in
1096 3348 1195 3400 tua
1242 3360 1317 3410 0.,
1353 3346 1421 3410 ιζ,
1444 3345 1815 3427 assiduitate]
1869 3360 1919 3399 v.
1978 3345 2128 3412 (W..>

213 3420 374 3487 prop.
412 3411 448 3472 †
483 3408 681 3463 intua
715 3413 893 3477 0.,1',
940 3430 1077 3469 a.v.
1114 3414 1176 3468 B.
1270 3422 1319 3468 2.
1374 3416 1480 3470 scis
1524 3415 1805 3483 moden..)
1887 3416 2000 3470 scio
2036 3415 2127 3483 M„

222 3473 407 3585 vulgo
482 3482 531 3529 3
588 3494 755 3533 causa
791 3484 922 3536 talis
958 3484 1084 3539 belli
1118 3487 1379 3542 victoriae
1417 3485 1609 3556 (Crat.)
1647 3489 1746 3541 aut
1782 3501 1823 3541 c.
1851 3501 1901 3540 v.
1942 3485 2050 3554 (W
2054 3489 2092 3554 ).
