2338 3691
249 125 338 191 64
813 127 891 182 Μ.
927 125 1176 181 TULLII
1213 124 1595 183 CICERONIS

249 269 702 356 complectare,
754 274 833 338 ut
875 292 1098 337 omnes
1142 271 1515 357 intelligant
1567 292 1689 337 nec
1741 293 1843 337 me
1886 271 2166 337 benevo-

247 361 509 427 lentiori
553 361 852 445 cuiquam
899 360 1235 425 succedere
1280 381 1400 425 nec
1435 363 1501 425 te
1544 360 1833 425 amiciori
1875 360 2169 444 potuisse

178 459 212 510 2
249 448 651 535 provinciam
693 449 966 514 tradere.
1054 448 1157 513 Ex
1200 449 1282 514 iis
1326 449 1579 532 litteris,
1626 470 1899 534 quarum
1944 449 2026 513 ad
2062 471 2169 514 me

249 538 612 623 exemplum
655 538 917 623 misisti,
971 559 1131 622 quas
1174 537 1248 602 in
1292 541 1525 602 senatu
1576 538 1834 602 recitari
1885 538 2171 623 voluisti,

250 626 343 692 sic
386 625 847 710 intellexeram,
890 627 1248 711 permultos
1293 647 1335 690 a
1376 629 1443 691 te
1486 626 1726 692 milites
1772 647 1910 693 esse
1949 626 2170 709 dimis-

250 736 387 799 sos3
441 715 553 780 sed
606 715 768 780 milu‘
812 713 1054 781 Fabius
1106 715 1280 780 idem
1325 714 1794 781 demonstravit
1836 717 1903 781 te
1947 715 2015 780 id
2063 737 2170 781 co-

162 842 166 847 ·
250 804 492 889 gitasse
537 804 778 889 facere,
832 804 972 888 sed,
1017 825 1218 888 quum
1260 804 1400 887 ipse
1446 826 1487 868 a
1529 807 1596 869 te
1642 803 2025 888 discederet,
2069 804 2170 869 in·

247 895 507 977 tegrum
578 893 859 958 militum
931 914 1274 958 numerum
1343 892 1570 958 fuisse:
1640 892 1710 958 id
1773 893 1829 958 si
1889 893 1985 957 ita
2049 897 2169 978 est,

247 984 625 1067 pergratum
686 980 847 1046 mihi
912 981 1171 1066 feceris,
1242 980 1301 1046 si
1359 980 1523 1046 istas
1595 981 1860 1068 exiguas
1926 981 2168 1066 copias,

250 1091 411 1154 quas
455 1069 760 1155 habuisti,
806 1091 1000 1155 quam
1034 1070 1299 1134 minime
1334 1069 1761 1155 imminueris3
1807 1091 1935 1155 qua
1979 1071 2058 1135 de
2096 1093 2167 1136 re

250 1161 515 1224 senatus
561 1159 858 1224 consulta
903 1180 1067 1243 quae
1111 1158 1288 1224 facta
1334 1162 1505 1244 sunt,
1550 1159 1633 1223 ad
1675 1161 1744 1224 te
1779 1159 1980 1224 missa
2022 1180 2166 1224 esse

249 1248 546 1314 arbitror.
634 1246 955 1333 Equidem
1005 1268 1124 1333 pro
1182 1269 1286 1332 eo,
1341 1247 1568 1341 quanti
1610 1250 1677 1313 te
1732 1243 1936 1331 facio,
1983 1249 2167 1333 quid-

251 1336 406 1421 quid
449 1336 705 1422 feceris,
762 1336 1135 1422 approbabo
1146 1386 1164 1420 ,
1220 1336 1331 1401 sed
1375 1339 1442 1401 te
1488 1357 1741 1440 quoque
1788 1336 2041 1402 confido
2090 1358 2168 1402 ea

249 1425 591 1512 facturum,
635 1447 799 1511 quae
843 1425 1005 1490 mihi
1048 1425 1373 1511 intelliges
1418 1426 1693 1490 maxime
1739 1445 1879 1490 esse
1899 1446 2165 1491 accom-

248 1514 529 1579 modata.
600 1513 747 1599 Ego
786 1511 854 1580 O.
889 1513 1327 1600 Pomptinum,
1360 1499 1652 1599 legatum
1685 1535 1919 1600 meum,
1953 1513 2165 1579 Brun-
2259 1586 2268 1594 ,

251 1602 399 1667 disii
463 1603 914 1686 exspectabam
985 1623 1259 1688 eumque
1333 1606 1484 1667 ante
1548 1601 1877 1668 Kalendas
1940 1602 2164 1669 Iunias

249 1689 669 1755 Brundisium
703 1693 1048 1756 venturum
1084 1691 1472 1776 arbitrabar3
1518 1692 1628 1776 qui
1664 1714 1861 1775 quum
1897 1693 2165 1777 venerit,

252 1799 415 1931 quae
477 1779 760 1863 primum
820 1777 1177 1866 naviga'ndi
1237 1780 1428 1848 nobis
1480 1780 1759 1847 facultas
1813 1780 1967 1845 data
2024 1782 2164 1867 erit,

251 1890 295 1932 u
328 1889 526 1933 emur.

1141 2064 1258 2130 IV.

561 2174 676 2231 Scr.
715 2175 998 2231 Brundisii
1031 2176 1213 2232 Nonis
1250 2176 1425 2231 Iuniis
1463 2193 1511 2231 a.
1550 2195 1604 2231 u.
1644 2194 1689 2233 c.
1731 2184 1848 2233 703.

588 2300 676 2354 M.
718 2299 1014 2355 CICERO
1050 2299 1109 2355 S.
1146 2300 1222 2355 D.
1261 2300 1388 2355 ΑΡ.
1431 2300 1827 2356 PULCHRO.

383 2399 596 2465 Pridie
630 2399 858 2468 Nonas
903 2401 1142 2485 Iunias,
1189 2423 1388 2486 quum
1423 2422 1631 2466 essem
1669 2400 2017 2486 Brundisii,
2062 2403 2168 2467 lit-

250 2491 424 2553 teras
467 2492 617 2553 tuas
663 2490 908 2574 accepi,
963 2490 1195 2573 quibus
1252 2493 1392 2554 erat
1436 2491 1747 2574 scriptum
1789 2493 1855 2555 te
1900 2489 1971 2555 L.
2022 2488 2169 2556 Clo-

253 2577 359 2643 dio
404 2577 762 2663 mandasse,
807 2599 970 2663 quae
1014 2578 1201 2642 illum
1243 2599 1495 2644 mecum
1529 2579 1709 2664 loqui
1748 2579 1970 2644 velles:
2018 2600 2170 2645 eum

253 2688 408 2734 sane
455 2667 932 2751 exspectabam,
977 2669 1053 2730 ut
1096 2688 1191 2750 ea,
1236 2689 1399 2751 quae
1446 2689 1486 2732 a
1529 2670 1595 2732 te
1642 2667 1923 2752 afferret,
1970 2690 2172 2753 quam

250 2756 534 2842 primum
588 2775 1059 2840 cognoscerem.
1156 2753 1378 2821 Meum
1432 2756 1716 2821 studium
1769 2777 1926 2843 erga
1978 2760 2047 2821 te
2105 2761 2173 2822 et

253 2845 563 2930 officium,
615 2844 879 2908 tametsi
929 2844 1151 2909 multis
1196 2845 1328 2909 iam
1380 2845 1570 2910 rebus
1626 2867 1813 2930 spero
1856 2844 1980 2911 tibi
2026 2867 2171 2912 esse

254 2935 613 3021 cognitum,
664 2936 887 2998 tamen
938 2932 1010 2997 in
1062 2934 1141 2998 iis
1188 2935 1463 2999 maxime
1510 2935 1877 3020 declarabo,
1933 2935 2171 3019 quibus

250 3003 601 3105 plurimum
655 3022 1020 3108 significare
1074 3026 1347 3107 potuero
1402 3026 1585 3089 tuam
1629 3024 1790 3088 mihi
1845 3024 2171 3089 existima-

252 3110 499 3173 tionem
562 3114 627 3174 et
699 3112 1083 3196 dignitatem
1148 3112 1545 3177 carissimam
1609 3134 1765 3178 esse.
1871 3111 2039 3177 Mihi
2103 3117 2172 3178 et

255 3194 328 3272 Q.
373 3195 614 3292 Fabius
670 3198 1070 3285 Virgilianus
1126 3204 1193 3266 et
1239 3198 1305 3267 O.
1352 3199 1623 3266 Flaccus
1678 3200 1751 3267 L.
1803 3200 1851 3267 f.
1905 3203 1971 3266 et
2026 3201 2172 3267 dili-

374 3402 499 3473 Ep
538 3410 588 3470 3,
618 3411 667 3458 2.
742 3410 991 3462 consulta
1034 3426 1173 3478 quae
1210 3411 1359 3480 (W..)
1444 3426 1507 3478 c.,
1543 3427 1592 3481 q.
1630 3411 1818 3482 vulgo.
1858 3440 1925 3452 -
1977 3410 2175 3467 Brwn·

255 3472 460 3528 disium
497 3474 630 3543 (ΜΗ)
706 3477 1116 3550 [Brundisium]
1157 3480 1373 3550 Kleyn„
1411 3481 1472 3535 B.
