2338 3691
785 149 1303 205 EPISTOLARUM
1340 150 1434 205 lv.
1475 157 1627 206 7-9.
2034 149 2162 213 107

242 315 379 360 non
409 295 719 378 potuisse,
753 297 845 378 ut,
881 294 1052 379 quod
1088 315 1212 381 ego
1239 294 1430 378 faci0,
1473 297 1547 359 tu
1585 315 1840 378 quoque
1878 294 2165 359 animum

240 383 515 447 inducas
525 434 543 467 ,
607 383 662 448 si
725 382 812 447 sit
873 383 1089 467 aliqua
1149 404 1255 448 res
1303 382 1589 468 publica,
1649 384 1720 448 in
1775 405 1852 448 ea
1903 385 1970 447 te
2025 403 2164 448 esse

239 474 572 556 oportere,
617 470 852 538 iudicio
897 472 1237 536 hominum
1279 493 1474 556 reque
1520 471 1903 556 principem,
1949 492 2165 536 neces·

240 561 439 625 sitate
488 559 823 625 cedentem
866 560 1162 646 tempori,
1209 561 1312 625 sin
1357 563 1574 625 autem
1616 561 1800 625 nulla
1845 560 1948 643 sit,
1990 561 2165 625 hunc

236 654 466 714 tamen
532 649 938 734 aptissimum
1000 671 1138 715 esse
1204 649 1398 714 etiam
1463 649 1546 713 ad
1599 649 2020 715 exsulandum
2074 650 2165 714 lo-

239 760 420 822 cum3
477 738 533 802 si
591 738 764 804 enim
817 738 1183 803 libertatem
1236 739 1589 823 sequimur,
1644 738 1754 823 qui
1806 739 1987 803 locus
2040 738 2166 803 hoc

238 827 584 892 dominatu
647 826 881 892 vacat?
946 828 1048 892 sin
1111 828 1639 912 qualemcumque
1701 828 1915 892 locum
1928 878 1946 912 ,
2002 847 2165 911 quae

238 920 343 980 est
410 915 766 981 domestica
838 916 987 981 sede
1058 916 1442 982 iucundior?
1549 914 1678 982 Sed
1740 916 1900 981 1111111
1963 915 2166 999 crede,

240 1005 445 1069 etiam
487 1005 574 1089 is,
621 1006 732 1089 qui
778 1005 998 1071 omnia
1038 1008 1247 1085 tenet,
1291 1006 1471 1071 favet
1512 1005 1820 1092 ingeniis,
1865 1005 2165 1070 nobilita-

238 1098 378 1158 tem
433 1115 588 1159 vero
644 1097 711 1158 et
764 1094 1115 1181 dignitates
1168 1094 1533 1180 hominum,
1588 1097 1902 1180 quantum
1958 1094 2018 1159 ei
2062 1114 2165 1158 res

239 1186 312 1246 et
364 1182 572 1267 ipsius
627 1203 821 1247 causa
876 1183 1198 1268 concedit,
1261 1184 1686 1269 amplectitur.
1776 1181 1902 1249 Sed
1960 1183 2165 1268 plura,

241 1293 444 1356 quam
508 1274 887 1357 statueram3
948 1272 1140 1337 redeo
1192 1293 1376 1375 Uergo
1421 1272 1504 1337 ad
1557 1293 1761 1337 unum
1813 1269 2001 1355 illud,
2063 1291 2165 1336 me

237 1366 435 1426 tuum
489 1381 653 1425 esse:
716 1361 857 1427 fore
911 1382 1058 1426 cum
1110 1361 1270 1445 tuis,
1324 1362 1380 1426 si
1432 1360 1625 1427 modo
1681 1363 1873 1426 erunt
1923 1359 2047 1443 tui,
2110 1359 2166 1423 si

241 1449 491 1533 minus,
554 1470 656 1514 me
709 1454 878 1515 certe
932 1450 1005 1514 in
1067 1451 1367 1516 omnibus
1429 1450 1622 1516 rebus
1687 1449 1845 1515 satis
1904 1451 2165 1514 nostrae

242 1538 693 1604 coniunctioni
738 1539 1068 1623 amorique
1113 1539 1456 1605 facturum.
1544 1538 1728 1605 Vale.

1142 1750 1260 1818 IX.

475 1871 592 1930 Ser.
631 1874 843 1929 Romae
881 1874 1034 1944 (pout
1067 1872 1189 1930 VII.
1227 1873 1294 1929 K.
1333 1872 1508 1944 Sext.)
1545 1890 1596 1930 3.
1633 1891 1688 1929 u.
1725 1890 1773 1931 c.
1814 1880 1934 1931 708.

640 2016 714 2070 Μ.
753 2014 1012 2071 CICERO
1055 2015 1110 2071 S.
1147 2015 1214 2069 D.
1251 2015 1327 2069 M.
1363 2014 1774 2072 MARCELLO.

382 2123 531 2189 Etsi
584 2125 921 2210 perpaucis
978 2129 1129 2191 ante
1185 2125 1408 2190 diebus
1468 2125 1768 2191 dederam
1820 2125 1895 2202 Q.
1947 2124 2162 2192 Mucio
2202 2136 2232 2188 1

242 2215 501 2279 litteras
556 2212 638 2279 ad
690 2216 757 2278 te
811 2214 1103 2298 pluribus
1156 2214 1371 2280 verbis
1417 2215 1716 2299 scriptas,
1770 2215 2002 2299 quibus
2058 2214 2161 2279 de-

246 2304 673 2386 claraveram,
726 2323 853 2387 quo
908 2307 975 2369 te
1029 2303 1247 2368 animo
1294 2324 1621 2368 censerem
1673 2323 1813 2369 esse
1868 2308 2165 2389 oportere

245 2394 317 2456 et
380 2390 538 2475 quid
598 2390 720 2455 tibi
782 2391 1148 2458 faciendum
1213 2392 1586 2478 arbitrarer,
1655 2394 1904 2477 tamen,
1967 2414 2166 2478 quum

246 2479 673 2565 Theophilus,
717 2481 987 2546 libertus
1032 2485 1201 2565 tuuS,
1244 2481 1770 2565 proficisceretur,
1816 2481 1997 2547 cuius
2043 2503 2164 2568 ego

244 2569 446 2634 fidem
493 2590 649 2655 erga
700 2572 766 2634 te
811 2569 1453 2672 benevolentiamque
1496 2591 1972 2655 perspexeram,
2026 2570 2165 2636 sine

246 2658 415 2722 meis
458 2657 693 2722 litteris
738 2680 887 2724 eum
934 2658 1016 2723 ad
1059 2662 1125 2724 te
1169 2659 1389 2724 venire
1427 2659 1624 2724 nolui.
1694 2656 1932 2724 Iisdem
1966 2658 2167 2745 igitur

245 2751 315 2812 te
360 2746 557 2811 rebus
604 2746 799 2812 etiam
845 2750 1038 2831 atque
1084 2747 1281 2812 etiam
1323 2748 1568 2833 hortor,
1613 2748 1845 2833 quibus
1882 2746 2165 2832 superio-

246 2835 430 2902 ribus
493 2835 729 2900 litteris
791 2836 1090 2901 hortatus
1145 2858 1316 2920 sum,
1377 2839 1454 2902 ut
1512 2837 1585 2902 in
1637 2857 1715 2901 ea
1766 2857 1835 2902 re
1887 2835 2167 2921 publica,

248 2944 694 3009 quaecumque
749 2929 873 3009 est,
936 2946 1129 3010 quam
1183 2926 1463 3009 primum
1514 2925 1675 2990 velis
1730 2945 1894 2990 esse:
1961 2925 2167 2990 multa

249 3013 501 3079 videbis
535 3014 832 3098 fortasse,
867 3035 1031 3098 quae
1066 3014 1255 3098 nolis,
1297 3035 1435 3079 non
1467 3014 1657 3099 plura
1689 3016 1927 3098 tamen,
1973 3035 2167 3098 quam

249 3102 435 3167 audis
502 3101 814 3187 quotidie3
884 3124 1022 3168 non
1094 3106 1195 3169 est
1255 3123 1449 3187 porro
1521 3104 1709 3167 tuum
1775 3124 1908 3169 uno
1972 3124 2166 3168 sensu

251 3192 463 3258 solum
510 3191 844 3257 oculorum
889 3192 1158 3276 moveri,
1214 3212 1412 3275 quum
1464 3190 1635 3255 idem
1688 3191 1849 3256 illud
1902 3192 2166 3257 auribus

320 3437 425 3507 ΕΡ·
465 3443 517 3505 8,
545 3443 598 3493 2·
671 3443 930 3508 oportere,
964 3437 1177 3494 iudicio
1214 3434 1476 3503 (Gi-aet).
1564 3438 1808 3503 oportere
1841 3433 1958 3487 iud,
1995 3431 2056 3483 Β,
2095 3457 2164 3469 .-

252 3508 460 3565 iudicio
497 3510 739 3565 omnium
777 3509 918 3578 (L.)?
