2338 3691
257 89 341 152 82
822 90 896 144 Μ.
937 87 1182 144 TULLII
1218 87 1599 143 CICERONIS

256 235 606 319 permirum
653 233 911 319 accidit,
953 236 1209 298 tantam
1253 233 1684 298 temeritatem
1729 232 1939 316 fuisse·
1971 232 2043 295 in
2088 252 2164 296 eo

258 324 678 407 adolescente,
725 324 905 387 cuius
951 343 1071 408 ego
1113 324 1395 388 'salutem
1441 322 1690 386 duobus
1730 321 1958 405 capitis
2003 320 2163 384 iudi-

258 412 370 476 ciis
417 433 665 475 summa
712 413 1124 476 contentione
1174 410 1457 493 defendi,
1510 414 1585 474 ut
1628 410 1758 473 tuis
1812 408 2166 486 inimicitiis

259 499 677 584 suscipiendis
727 500 1208 565 oblivisceretur
1253 498 1512 584 patroni
1549 498 1837 564 omnium
1872 497 2165 563 fortuna·

256 610 400 652 rum
445 610 520 652 ac
565 588 891 653 rationum
937 610 1053 653 sua
1198 639 1217 673 ,
1259 587 1638 672 praesertim
1685 609 1882 671 quum
1918 589 1993 651 tu
2034 609 2164 652 om·

256 677 446 740 nibus
492 676 593 741 vel
632 678 1024 742 ornamentis
1052 610 1535 760 &praesidiis
1571 675 1981 760 redundares,
2025 675 2168 758 ipsi,

257 768 330 829 ut
372 765 690 829 levissime
747 765 982 850 dicam,
1036 766 1243 830 multa
1299 766 1613 830 deessent.
1701 762 1898 829 Cuius
1953 784 2166 830 sermo

259 854 492 918 stultus
539 858 606 918 et
648 854 910 938 puerilis
957 857 1097 918 erat
1140 855 1271 918 iam
1318 856 1468 918 ante
1515 854 1597 917 ad
1641 875 1743 917 me
1791 875 1830 917 a
1873 851 1961 918 M.
2009 849 2166 917 Cae-

257 943 364 1026 lio,
407 942 710 1006 familiari
753 947 1007 1028 nostro,
1063 943 1483 1027 perscriptus3
1537 943 1614 1006 de
1662 963 1788 1026 quo
1834 941 1990 1007 item
2038 944 2167 1005 ser-

257 1051 446 1095 mone
492 1031 698 1094 multa
743 1032 981 1116 scripta
1026 1035 1180 1095 sunt
1226 1032 1340 1095 abs
1379 1035 1464 1096 te.
1534 1029 1679 1116 Ego
1719 1033 1935 1095 autem
1974 1029 2165 1095 citius

258 1140 402 1183 cum
457 1140 532 1183 eo
541 1169 559 1203 ‚
624 1119 733 1203 qui
785 1123 932 1185 tuas
985 1119 1355 1185 inimicitias
1410 1120 1819 1205 suscepisset,
1882 1121 2166 1184 veterem

257 1208 774 1273 coniunctionem
820 1208 1241 1293 diremissem,
1296 1230 1489 1292 quam
1541 1230 1778 1274 novam
1832 1207 2164 1273 concilias-

257 1318 418 1381 sem3
473 1318 680 1381 neque
739 1299 912 1362 enim
958 1297 1035 1362 de
1081 1319 1224 1363 meo
1281 1318 1435 1383 erga
1487 1299 1553 1362 te
1600 1296 1812 1361 studio
1868 1296 2163 1362 dubitare

257 1386 478 1471 debeS,
532 1408 740 1470 neque
785 1387 852 1451 id
907 1390 1007 1451 est
1050 1386 1394 1451 obscurum
1448 1385 1746 1470 cuiquam
1789 1384 1861 1451 in
1903 1386 2163 1469 provin·

259 1475 357 1539 cia
401 1496 520 1539 nec
548 1474 792 1540 Romae
829 1475 971 1539 fuit.
1045 1467 1167 1539 Sed
1214 1479 1433 1540 tamen
1475 1474 1874 1560 significatur
1916 1475 1988 1539 in
2033 1474 2163 1539 tuis

255 1563 488 1627 litteris
544 1563 820 1646 suspicio
878 1563 1194 1648 quaedam
1239 1566 1304 1628 et
1348 1563 1665 1628 dubitatio
1711 1566 1826 1628 tua
1833 1614 1851 1647 ,
1910 1563 1987 1627 de
2039 1585 2165 1647 qua

257 1652 540 1716 alienum
584 1654 839 1736 tempus
886 1655 985 1716 est
1028 1653 1189 1717 mihi
1233 1656 1448 1717 tecum
1492 1651 1969 1736 expostulandi,
2014 1674 2162 1736 pur-

257 1739 455 1824 gandi
501 1740 717 1803 autem
761 1739 888 1803 mei
931 1741 1380 1805 necessarium.
1468 1739 1600 1806 Ubi
1646 1740 1818 1805 enim
1864 1760 1983 1825 ego
2034 1741 2163 1808 cui-

257 1849 451 1912 quam
485 1827 798 1913 legationi
833 1827 931 1893 fui
967 1828 1446 1916 impedimento,
1482 1852 1609 1915 quo
1646 1829 1860 1896 minus
1885 1827 2164 1895 Romam

256 1916 338 1980 ad
382 1917 639 1980 laudem
682 1920 863 1982 tuam
908 1918 1312 1984 mitteretur?
1369 1922 1483 1984 aut
1534 1920 1604 1983 in
1660 1941 1786 2004 quo
1842 1919 2054 2003 potui,
2108 1918 2166 1985 si

254 2008 320 2069 te
366 2006 582 2089 palam
628 2005 922 2091 odissem,
967 2008 1200 2093 minue,
1246 2009 1417 2092 quod
1460 2008 1582 2073 tibi
1619 2008 1890 2092 obesset,
1933 2007 2166 2091 facere,

257 2095 310 2158 si
339 2095 522 2178 clam,
558 2095 766 2180 magis
804 2099 1023 2180 aperte
1062 2096 1359 2161 inimicus
1398 2097 1578 2161 esse?
1653 2095 1837 2175 Quod
1874 2095 1931 2162 si
1957 2117 2165 2162 essem

257 2204 332 2247 ea
374 2183 659 2267 perfidia,
705 2206 831 2268 qua
877 2187 1030 2250 sunt
1071 2185 1136 2270 ii,
1184 2187 1293 2270 qui
1336 2186 1407 2250 in
1444 2208 1564 2251 nos
1600 2186 1762 2250 haec
1798 2184 2167 2269 conferunt,

255 2274 476 2336 tamen
520 2294 596 2336 ea
642 2273 917 2337 stultitia
962 2277 1131 2339 certe
1176 2296 1312 2340 non
1355 2274 1640 2360 fuissem,
1683 2277 1759 2339 ut
1794 2277 1908 2339 aut
1943 2274 2015 2339 in
2053 2274 2164 2340 ob·

259 2381 442 2425 scuro
491 2361 637 2426 odio
686 2365 940 2445 apertas
986 2362 1357 2428 inimicitias
1395 2367 1525 2448 aut,
1569 2362 1639 2427 in
1679 2385 1804 2447 quo
1840 2363 1962 2427 tibi
1997 2363 2168 2428 nihil

255 2470 570 2534 nocerem,
616 2472 931 2514 summam
978 2452 1381 2517 ostenderem
1426 2453 1826 2517 voluntatem
1869 2451 2166 2517 nocendi.

256 2536 360 2601 Ad
412 2559 515 2601 me
570 2538 744 2602 adire
800 2539 1112 2623 quosdam
1166 2541 1455 2626 memini,
1518 2541 1823 2607 nimirum
1876 2561 1955 2606 ex
2007 2539 2167 2625 Epi-

258 2629 455 2710 ctet0,
510 2626 619 2710 qui
676 2626 961 2692 dicerent
1014 2628 1207 2693 nimis
1263 2650 1535 2717 magnos
1591 2632 1883 2714 sumptus
1928 2630 2168 2717 legatis

256 2715 535 2780 decerni:
592 2715 821 2799 quibus
878 2737 998 2801 ego
1043 2738 1181 2783 non
1233 2720 1369 2783 tam
1412 2718 1723 2803 imperavi
1750 2740 1972 2803 ‘quam
2018 2740 2166 2784 cen·

259 2805 357 2868 sui
402 2807 695 2888 sumptus
749 2805 982 2889 legatis
1038 2827 1233 2890 quam
1276 2807 1550 2872 maxime
1609 2808 1689 2873 ad
1743 2809 1955 2893 legem
2011 2804 2166 2874 Oor·

255 2893 494 2958 neliam
537 2893 988 2979 decernendos,
1024 2897 1226 2979 atque
1270 2895 1342 2961 in
1386 2917 1461 2962 eo
1506 2897 1649 2982 ipso
1694 2918 1796 2962 me
1841 2917 1977 2962 non
2022 2917 2165 2982 per-

257 3002 579 3047 severasse
623 2985 820 3047 testes
867 2986 1021 3050 sunt
1063 2984 1348 3050 rationes
1394 2984 1753 3069 civitatum,
1796 2984 1868 3050 in
1912 2984 2167 3070 quibus,

256 3073 570 3153 quantum
598 3092 886 3157 quaeque
922 3073 1147 3158 voluit,
1190 3072 1421 3159 legatis
1457 3074 1590 3143 tuis,
1625 3073 1847 3139 datum
1882 3073 2167 3159 induxit3

166 3293 171 3296 ’
297 3364 308 3377 .
398 3295 499 3419 Eff.
533 3303 612 3364 10,
643 3301 692 3351 5.
764 3300 992 3355 salutem
1018 3303 1083 3385 2⁶32
1109 3301 1160 3357 d.
1194 3301 1365 3370 (W.)‘?
1404 3332 1468 3342 —
1495 3302 1766 3385 ‘levissime
1796 3301 1927 3372 (Mn)
2004 3301 2164 3358 lenis-

255 3379 387 3448 qzme
482 3365 688 3434 art-L„
727 3367 788 3421 Β.
866 3377 913 3424 6.
973 3372 1259 3441 [mnarum
1290 3385 1359 3426 ex
1384 3371 1660 3445 Epicteto]
1700 3373 1844 3442 (edd.
1874 3373 2073 3443 vett.)?
2094 3402 2167 3415 —

256 3451 321 3489 m
357 3451 509 3503 quas,
544 3442 807 3504 quantum
845 3440 1012 3509 (W.)?
1991 3443 2015 3466 ‘
2065 3466 2070 3470 ·
