2338 3691
235 120 368 184 454
801 119 873 172 Μ.
914 118 1162 173 TULLII
1199 117 1581 173 CICERONIS

236 265 409 330 rifice
437 264 910 347 liberaliterque
938 263 1256 347 tractarIS,
1293 266 1359 327 et
1393 262 1514 327 tibi
1551 263 1962 349 gratissimos
1992 262 2156 346 opti‘

235 375 504 508 ssgglqge
533 353 971 418 adolescentes
1009 352 1376 417 adiunxeris
1412 355 1478 417 et
1513 352 1674 416 mihi
1712 350 2155 438 gratissimum
2199 448 2214 461 .

1104 634 1277 702 XLI.

823 746 937 803 Scr.
966 748 1179 802 Romae
1209 765 1258 802 a.
1288 766 1341 801 u.
1367 765 1413 802 c.
1443 754 1563 804 695.

758 870 1018 927 CICERO
1057 871 1438 928 CULLEOLO
1481 869 1634 928 SAL.

172 983 202 1034 1
372 970 550 1048 Quae
611 973 823 1038 fecisti
886 972 961 1038 L.
1023 972 1280 1038 Lucceii
1343 995 1562 1058 causa,
1625 973 1787 1039 scire
1840 974 1908 1038 te
1962 972 2157 1058 plane

239 1062 386 1126 volo
443 1065 507 1125 te
569 1061 820 1127 homini
874 1061 1244 1148 gratissimo
1300 1061 1768 1148 commodasse,
1832 1065 1900 1126 et
1958 1083 2158 1146 quum

238 1150 390 1234 ipsi,
454 1172 616 1234 quae
679 1150 918 1235 fecisti,
979 1155 1286 1236 pergrata
1349 1154 1527 1235 sunt,
1588 1154 1730 1215 tum
1792 1149 2159 1236 Pompeius,

241 1238 765 1323 quotiescumque
820 1261 922 1304 me
977 1240 1152 1304 videt
1198 1276 1282 1286 —
1327 1240 1504 1305 videt
1549 1244 1766 1304 autem
1813 1261 2005 1324 saepe
2048 1276 2157 1323 —‚

239 1328 483 1413 gratias
527 1328 649 1392 tibi
695 1328 833 1414 agit
878 1329 1264 1414 singulares3
1311 1328 1476 1393 addo
1521 1329 1715 1393 etiam
1758 1328 1938 1414 illud,
1984 1327 2159 1413 quod

236 1416 360 1481 tibi
412 1417 943 1481 iucundissimum
998 1439 1136 1483 esse
1197 1421 1372 1482 certo
1428 1417 1589 1503 scio,
1651 1439 1756 1482 me
1807 1417 2023 1501 ipsum
2078 1439 2156 1482 ex

238 1508 354 1569 tua
407 1526 563 1591 erga
616 1505 961 1571 Lucceium
1018 1506 1422 1592 benignitate
1476 1506 1758 1570 maxima
1819 1507 2155 1590 voluptate

169 1606 202 1654 2
241 1593 426 1658 affici.
499 1593 686 1670 Quod
732 1598 1042 1681 superest,
1086 1616 1477 1679 quamquam
1521 1595 1683 1660 mihi
1724 1617 1861 1660 non
1906 1597 2009 1659 est
2043 1594 2154 1659 du—

237 1682 417 1746 bium
425 1720 443 1767 ,·
498 1684 681 1768 quin,
735 1705 934 1768 quum
988 1687 1183 1748 antea
1235 1687 1463 1749 nostra
1508 1705 1728 1768 causa,
1789 1703 1965 1748 nunc
2023 1683 2155 1749 iam

239 1772 435 1835 etiam
460 1774 614 1836 tuae
641 1772 1044 1838 constantiae
1082 1773 1295 1859 gratia
1330 1794 1673 1837 mansurus
1709 1771 1795 1836 sis
1832 1773 1904 1836 in
1932 1772 2155 1836 eadem

237 1860 365 1924 ista
426 1861 838 1948 liberalitate,
898 1865 1121 1927 tamen
1184 1863 1300 1928 abs
1361 1865 1428 1927 te
1482 1862 1896 1927 vehementer
1959 1861 2155 1926 etiam

239 1952 431 2032 atque
469 1950 663 2014 etiam
697 1954 869 2036 peto,
904 1955 980 2015 ut
1015 1973 1109 2036 ea,
1154 1972 1320 2036 quae
1355 1951 1542 2016 initio
1582 1949 1943 2036 ostendisti,
1979 1951 2153 2016 dein-

239 2057 388 2121 ceps
433 2038 672 2122 fecisti,
734 2039 816 2103 ad
875 2039 1117 2104 exitum
1173 2039 1396 2125 augeri
1451 2042 1516 2103 et
1560 2040 1874 2104 cumulari
1927 2061 2045 2123 per
2088 2043 2153 2103 te

237 2126 423 2190 velis:
466 2127 535 2191 id
581 2130 647 2191 et
691 2126 965 2193 Lucceio
1013 2131 1079 2193 et
1120 2127 1431 2213 Pompeio
1476 2127 1663 2193 valde
1709 2132 1970 2214 gratum
2015 2128 2154 2192 fore

235 2217 428 2297 teque
492 2216 663 2300 apud
726 2238 836 2282 eos
897 2218 1226 2301 praeclare
1288 2217 1651 2301 positurum
1714 2217 2024 2282 confirmo
2090 2219 2156 2281 et

238 2304 543 2386 spondeo.
623 2303 722 2369 De
766 2327 835 2371 re
880 2305 1141 2389 publica
1186 2306 1390 2389 deque
1434 2306 1538 2371 his
1584 2305 1866 2390 negotiis
1910 2305 2156 2389 cogita-

236 2392 649 2477 tionibusque
703 2394 945 2459 nostris
997 2395 1500 2479 perscripseram
1564 2393 1646 2458 ad
1699 2397 1764 2457 te
1811 2393 2159 2479 diligenter

234 2481 458 2564 paucis
505 2486 654 2546 ante
710 2482 935 2548 diebus
990 2504 1224 2567 easque
1269 2482 1521 2548 litteras
1580 2482 1884 2548 dederam
1935 2482 2158 2569 pueris

234 2569 384 2635 tuis,
473 2569 656 2636 Vale.
1930 2599 1936 2604 ·

1084 2764 1290 2831 XLII.

793 2876 906 2931 Ser.
944 2876 1156 2932 Romae
1195 2894 1243 2932 a.
1283 2895 1337 2931 u.
1376 2894 1423 2932 c.
1463 2881 1582 2933 695.

471 3001 547 3056 M.
585 3000 842 3056 CICERO
881 3000 936 3055 S.
973 2999 1040 3055 D.
1078 2999 1141 3056 L.
1181 3000 1564 3057 CULLEOLO
1601 3000 1899 3057 PROCOS.

167 3118 197 3169 1
367 3099 440 3164 L.
494 3100 806 3166 Lucceius
860 3122 1069 3184 meus,
1124 3100 1323 3167 homo
1385 3101 1674 3167 omnium
1728 3102 2155 3187 gratissimus,

234 3188 535 3252 mirificas
587 3189 709 3254 tibi
764 3188 936 3274 apud
980 3211 1083 3253 me
1138 3192 1386 3274 gratias
1441 3190 1603 3276 egit,
1656 3212 1856 3274 quum
1916 3191 2155 3255 diceret

237 3276 455 3338 omnia
498 3278 564 3340 te
609 3277 1113 3342 cumulatissime
1169 3282 1238 3342 et
1278 3279 1726 3344 liberalissime
1781 3282 2152 3363 procurato·

235 3360 412 3424 ribus
461 3363 591 3426 suis
635 3366 995 3448 pollicitum
1042 3387 1207 3430 esse:
1255 3389 1452 3451 quum
1500 3367 1707 3432 oratio
1752 3371 1869 3433 tua
1911 3371 2049 3431 tam
2096 3368 2151 3431 ei

237 3450 426 3530 grata
487 3450 710 3535 fuerit,
772 3475 967 3537 quam
1031 3458 1288 3538 gratam
1349 3477 1488 3519 rem
1551 3456 1760 3540 ipsam
1826 3456 2150 3521 existimas
