2338 3691
187 111 319 177 486
763 114 839 169 Μ.
878 113 1127 169 TULLII
1162 113 1543 171 CICERONIS

188 261 257 322 et
318 258 636 322 amicitiae
697 257 799 322 ius
863 258 1274 342 officiumque
1328 262 1709 344 praestaret:
1772 258 1925 323 huie
1978 258 2110 323 uti-

189 368 344 411 nam
370 346 714 430 aliquando
744 347 1020 431 gratiam
1057 347 1294 413 referre
1330 347 1676 433 possimus!
1722 346 2109 411 habebimus

121 449 153 498 3
191 435 447 520 quidem
494 456 761 519 semper.
831 434 1179 500 Brundisio
1270 436 1501 501 rofeoti
1546 458 1765 500 sumus
1812 457 1867 500 a.
1915 436 1973 499 d.
2019 434 2110 499 H.

190 522 270 587 K.
316 522 492 586 Mai.:
547 545 663 606 per
707 522 1153 589 Macedoniam
1211 459 1511 609 (gyzicum
1565 524 1961 609 petebamus„
2051 526 2110 587 Ο

190 632 293 676 me
337 611 684 695 perditum!
733 634 771 677 o
819 612 1156 677 afflictum!
1232 612 1399 688 Quid
1444 612 1660 677 enim?
1734 611 1986 697 Rogem
2021 614 2109 695 te,

188 703 267 764 ut
308 700 574 764 venias?
646 699 983 765 Mulierem
1028 721 1307 786 aegram,
1354 704 1420 765 et
1464 721 1729 785 corpore
1776 703 1843 764 et
1886 700 2106 764 animo

192 787 572 853 confectam.
642 787 797 853 Non
842 789 1108 875 rogem?
1183 788 1334 854 Sine
1369 793 1436 854 te
1478 789 1680 875 igitur
1716 787 1882 853 sim?
1955 786 2110 871 Opi-

191 897 332 961 nor,
377 878 468 941 sio
512 898 730 962 agam:
776 878 833 941 si
879 880 980 942 est
1023 898 1168 961 spes
1214 878 1424 943 nostri
1460 878 1722 961 reditus,
1768 898 1910 942 eam
1957 897 2107 940 oon-

190 965 407 1029 firmes
453 968 519 1030 et
560 987 698 1030 rem
743 966 1032 1050 adiuves3
1096 967 1224 1050 sin,
1284 969 1361 1031 ut
1412 987 1534 1051 ego
1589 969 1835 1045 metu0‚
1895 968 2106 1027 trans-

194 1058 409 1118 actum
455 1057 579 1138 est,
634 1075 891 1138 quoquo
946 1054 1138 1119 modo
1194 1058 1378 1138 potes
1434 1055 1514 1118 ad
1560 1075 1662 1118 me
1716 1053 1822 1117 fao
1866 1053 2107 1117 venias.

192 1142 416 1207 Unum
458 1141 584 1207 hoo
629 1143 822 1208 seito:
874 1143 930 1207 si
982 1146 1048 1206 te
1099 1142 1381 1221 habebo,
1433 1164 1571 1208 non
1622 1141 1784 1205 mihi
1839 1141 2109 1206 videbor

193 1232 386 1316 plane
431 1231 692 1314 perisse.
782 1229 909 1296 Sed
955 1230 1107 1314 quid
1154 1231 1434 1296 Tulliola
1477 1252 1621 1294 mea
1663 1229 1820 1294 fiet?
1864 1231 1995 1293 iam
2040 1229 2107 1292 id

193 1341 311 1385 vos
356 1320 592 1385 videte:
647 1319 809 1384 mihi
855 1320 1034 1383 deest
1079 1320 1438 1384 eonsilium.
1528 1317 1653 1384 Sed
1699 1322 1896 1402 certe,
1952 1340 2108 1401 quo-

195 1430 322 1491 quo
369 1408 562 1473 modo
609 1429 677 1472 se
723 1429 825 1472 res
869 1407 1163 1491 habebit,
1216 1408 1390 1473 illius
1435 1405 1721 1471 misellae
1778 1410 1844 1471 et
1887 1406 2108 1469 matri·

193 1496 415 1561 monio
454 1500 521 1561 et
554 1497 766 1560 famae
796 1496 1203 1561 serviendum
1231 1499 1346 1561 est.
1418 1494 1629 1571 Quid?
1676 1493 1898 1560 Cicero
1926 1516 2107 1558 meus

196 1583 349 1669 quid
404 1583 599 1669 aget?
661 1584 783 1648 iste
837 1605 989 1649 vero
1047 1585 1132 1649 sit
1184 1584 1255 1649 in
1310 1584 1455 1649 sinu
1512 1605 1766 1668 semper
1819 1585 1885 1646 et
1938 1604 2106 1646 com·

193 1673 387 1757 plexu
431 1694 594 1737 meo.
674 1671 829 1737 Non
874 1693 1038 1755 queo
1083 1673 1272 1756 plura
1314 1673 1445 1737 iam
1492 1671 1793 1737 scribere:
1838 1670 2109 1754 impedit

195 1782 464 1825 maeror.
571 1760 672 1824 Tu
735 1760 889 1845 quid
954 1761 1188 1847 egeris,
1260 1761 1504 1825 neseio:
1575 1764 1795 1825 utrum
1866 1758 2108 1842 aliquid

125 1863 160 1912 4
196 1852 419 1914 teneas
465 1871 579 1932 an,
626 1850 798 1933 quod
850 1853 1096 1934 metuo,
1148 1851 1343 1934 plane
1396 1850 1484 1915 sis
1539 1850 1832 1934 spoliata.
1929 1845 2106 1912 Piso·

196 1960 374 2021 nem,
427 1940 504 2002 ut
555 1937 809 2022 scribis,
863 1944 1050 2022 spero
1106 1938 1248 2002 fore
1303 1959 1555 2022 semper
1605 1941 1918 2002 nostrum.
2008 1935 2107 2000 De

194 2026 445 2090 familia
486 2025 822 2090 liberanda
855 2025 1022 2090 nihil
1057 2029 1160 2092 est
1191 2026 1364 2110 quod
1398 2029 1465 2090 te
1500 2029 1784 2090 moveat:
1828 2025 2109 2109 primum

195 2115 326 2179 tuis
369 2114 465 2178 ita
508 2113 897 2198 promissum
943 2117 1067 2193 est,
1118 2118 1186 2179 te
1230 2115 1548 2199 facturam
1601 2136 1768 2198 esse,
1818 2116 1895 2177 ut
1939 2112 2109 2196 quis-

198 2216 321 2286 que
368 2205 538 2268 esset
580 2202 875 2286 meritus3
930 2206 1031 2267 est
1083 2206 1302 2267 autem
1351 2203 1424 2267 in
1468 2202 1683 2268 officio
1738 2201 1949 2266 adhue
1994 2199 2110 2265 Or·

197 2292 428 2376 pheus,
494 2295 829 2376 praeterea
890 2311 1130 2375 magno
1206 2312 1397 2376 opere
1460 2312 1679 2373 nemo3
1751 2293 2111 2354 ceterorum

199 2401 529 2445 servorum
583 2401 661 2444 ea
714 2401 909 2444 eausa
953 2382 1077 2462 est,
1121 2381 1222 2463 ut,
1268 2378 1323 2443 si
1375 2401 1478 2444 res
1524 2401 1564 2443 a
1616 2378 1806 2443 nobis
1852 2377 2112 2459 abisset,

197 2468 413 2533 liberti
455 2468 667 2533 nostri
710 2471 950 2549 essent,
997 2467 1053 2531 si
1097 2466 1390 2533 obtinere
1434 2468 1825 2552 potuissent,
1879 2466 1982 2530 sin
2029 2466 2111 2529 ad

198 2577 319 2622 nos
364 2557 733 2641 pertineret,
777 2556 1094 2621 servirent
1125 2559 1578 2640 praeterquam
1618 2555 1856 2641 oppido
1903 2554 2112 2639 pauci.

128 2658 162 2706 5
200 2643 325 2711 Sed
369 2645 530 2711 haec
582 2645 838 2710 minora
891 2646 1061 2709 sunt.
1152 2643 1254 2708 Tu
1308 2645 1479 2728 quod
1524 2666 1627 2709 me
1672 2643 1980 2728 hortariS,
2038 2646 2116 2707 ut

200 2735 416 2799 animo
472 2734 595 2799 sim
647 2753 889 2818 magno
953 2735 1019 2796 et
1071 2753 1254 2816 spem
1307 2732 1583 2798 habeam
1637 2731 2113 2816 recuperandae

199 2824 446 2907 salutis,
488 2822 557 2886 id
600 2822 795 2888 velim
838 2820 927 2887 sit
969 2820 1303 2904 eiusmodi,
1345 2824 1421 2886 ut
1462 2824 1635 2886 reete
1672 2842 1929 2905 sperare
1964 2842 2114 2904 pos·

342 3032 445 3102 Ep.
485 3038 535 3101 4,
565 3038 613 3086 3.
669 3049 721 3085 a.
759 3031 812 3085 d.
853 3031 950 3085 II.
987 3030 1062 3084 K.
1102 3030 1337 3098 (Rutil.).
1411 3047 1462 3085 a.
1500 3031 1552 3085 d.
1603 3029 1666 3084 V.
1702 3029 1779 3085 K.
1817 3030 1891 3084 M.
1958 3030 2115 3097 prid.

199 3101 276 3156 1.
315 3102 424 3168 Or„
461 3102 524 3155 B.
570 3131 642 3142 —-
688 3101 839 3171 Quid
873 3099 1058 3156 enim?
1137 3100 1344 3170 Roqem
1382 3141 1429 3155 ..
1452 3141 1464 3154 .
1500 3099 1731 3155 venias?
1820 3101 2117 3155 Mulierem

204 3210 218 3225 .
239 3212 251 3224 .
274 3213 286 3226 .
317 3172 625 3238 confectam.
680 3172 815 3227 Non
842 3169 932 3226 vn?
987 3170 1121 3226 Sine
1150 3212 1162 3224 .
1185 3213 1198 3226 .
1226 3169 1371 3228 sim?
1420 3171 1633 3240 Opinor
1660 3172 1811 3240 (W.).
1885 3189 1934 3240 q.
1961 3187 2117 3225 mmo

202 3257 248 3293 r.
288 3280 337 3294 ..
373 3257 449 3306 v.,
487 3259 554 3294 m.
594 3283 643 3296 ..
681 3241 867 3308 confi?
922 3257 1038 3296 non
1080 3240 1171 3297 n?
1226 3243 1344 3296 sim
1381 3282 1430 3295 ..
1466 3241 1612 3297 sim?
1666 3259 1753 3311 op.
1801 3242 1901 3310 M„
1942 3242 2003 3295 B.
2046 3272 2116 3281 —

202 3325 314 3361 rem
358 3311 582 3364 adiuves
627 3313 720 3379 (M.
735 3355 748 3380 ‚
786 3312 997 3381 vulgo).
1068 3311 1277 3366 Romae
1320 3313 1545 3367 adiwves
1597 3312 1793 3381 (Koch)
1811 3320 1836 3366 1>
1919 3312 2011 3366 An
2056 3329 2118 3367 re

205 3379 316 3431 adi.
366 3378 465 3444 (1..,
504 3380 624 3447 B.)‘?
723 3388 772 3436 4.
830 3384 1119 3437 liberanda
1155 3382 1312 3452 (On).
1413 3384 1644 3438 liberata
1688 3383 1780 3451 M„
1817 3383 2005 3453 vulgo.
2045 3414 2116 3423 —

207 3462 358 3500 nemo
365 3466 386 3510 ;
423 3453 513 3501 cet.
553 3450 702 3520 (W.).
774 3469 830 3506 n.
887 3452 947 3507 0.
985 3453 1175 3524 vulgo.
