2338 3691
782 126 1302 183 EPISTOLARUM
1338 128 1460 181 XII.
2014 125 2139 190 397

219 295 437 357 neque
491 273 855 341 imminenti
909 271 1138 375 Italiae
1193 272 1462 356 urbique
1524 275 1787 338 nostrae
1840 271 2145 357 pericu10,

220 363 286 428 si
322 362 431 427 ille
467 356 786 446 parricida
823 383 968 426 cum
1005 362 1136 427 31113
1173 361 1533 427 latronibus
1568 361 1842 426 navibus
1879 383 1958 426 ex
1983 361 2143 425 Asia

222 448 542 535 Syriaque
597 451 898 535 expulsus
948 450 1209 515 Italiam
1272 451 1565 535 petisset,
1618 450 1886 534 mederi,
1948 472 2143 551 quum

221 540 420 604 facile
466 544 751 624 possent,
794 539 1153 604 voluerunt.
1225 536 1575 607 Nonnullis
1620 540 1816 603 etiam
1851 537 1977 623 ipsi
2011 561 2144 603 ma·
2184 553 2202 581 Γ

224 629 544 714 gistratus
598 629 946 694 veniebant
997 628 1068 693 in
1125 628 1556 712 suspicionem
1620 627 1967 695 detinuisse
2022 650 2143 693 nos

223 720 301 782 et
355 717 669 785 demorati
733 739 897 802 esse,
938 718 1121 783 dum
1185 717 1406 795 classis
1468 716 1845 801 Dolabellae
1912 716 2176 782 3311101·7

223 806 418 870 fieret
471 806 548 870 de
613 806 893 871 adventu
946 809 1200 891 110311ος
1266 828 1458 890 quam
1514 805 1941 908 suspicionem
1996 826 2143 870 con-

228 898 493 960 secutae
537 890 640 963 res
686 895 933 979 aliquot
977 898 1320 979 auxerunt,
1373 895 1647 960 maxime
1703 894 1875 979 quod
1930 894 2143 960 subito

229 1005 315 1048 ex
342 982 538 1069 Lycia
577 982 717 1049 Sex.
757 976 1001 1049 Marius
1039 989 1104 1049 et
1140 981 1209 1049 O.
1247 945 1473 1068 Titius,
1516 980 1717 1069 legati
1753 982 2146 1067 Dolabellae,

230 1095 276 1137 a
340 1073 541 1159 classe
606 1064 1034 1139 discesserunt
1102 1073 1380 1157 navique
1451 1072 1651 1158 longa
1719 1071 2148 1174 profugerunt

231 1161 548 1227 onerariis
601 1162 865 1245 relictis,
927 1163 999 1226 in
1053 1162 1283 1247 quibus
1343 1161 1719 1247 colligendis
1774 1183 1909 1226 non
1961 1161 2145 1225 1111111-

231 1273 416 1314 11111111
468 1252 779 1334 temporis
831 1251 1197 1335 laborisque
1257 1252 1804 1334 consumpserant.
1902 1248 2148 1333 Itaque,

234 1361 437 1441 quum
483 1340 564 1403 ab
610 1338 841 1406 Rhodo
889 1361 1035 1405 cum
1079 1341 1187 1418 iis,
1242 1362 1400 1423 quas
1457 1339 1915 1440 habueramus,
1968 1338 2147 1402 navi-

232 1428 360 1492 bus
405 1428 476 1492 in
519 1422 794 1512 Lyciam
828 1429 1250 1513 venissemus,
1295 1450 1492 1494 naves
1525 1427 1866 1493 onerarias
1898 1427 2147 1528 recepi-

233 1539 384 1582 mus
412 1517 812 1602 dominisque
847 1517 1261 1602 restituimus,
1294 1517 1631 1602 iidemque,
1667 1515 1837 1601 quod
1873 1514 2148 1580 maxime

236 1605 635 1691 verebamur,
679 1629 760 1671 ne
789 1610 1026 1708 ‘posset
1060 1604 1400 1672 Dolabella
1438 1628 1584 1670 cum
1620 1605 1752 1670 suis
1788 1605 2149 1670 latronibus

239 1693 315 1757 in
355 1693 613 1771 Italiam
657 1696 893 1780 1311113,
937 1696 1162 1760 timere
1210 1695 1537 1760 desiimus:
1585 1696 1854 1773 classem
1897 1693 2149 1779 fugien-

236 1785 375 1847 tem
425 1785 742 1870 persecuti
806 1806 1024 1850 sumus
1086 1806 1287 1869 usque
1343 1782 1587 1869 Sidam,
1651 1805 1812 1868 quae
1868 1786 2151 1847 extrema

237 1872 420 1957 regio
484 1878 584 1938 est
643 1875 1009 1958 provinciae
1073 1896 1269 1939 meae.
1383 1872 1485 1939 Ibi
1556 1873 1831 1958 cognovi
1900 1876 2152 1956 partem

237 1962 506 2026 navium
558 1962 934 2028 Dolabellae
979 1962 1341 2048 diffugisse,
1392 1962 1671 2046 reliquas
1726 1959 1977 2045 Syriam
2032 1958 2151 2044 Gy-

239 2072 554 2134 prumque
599 2052 861 2135 petisse.
917 2051 1148 2153 quibus
1196 2051 1502 2135 disiectis,
1557 2072 1754 2134 quum
1809 2050 2038 2114 scirem
2084 2047 2151 2113 O.

242 2136 478 2223 Cassii,
531 2141 876 2242 singularis
924 2140 1079 2206 civis
1135 2144 1201 2204 et
1245 2140 1450 2224 ducis,
1494 2140 1764 2204 classem
1808 2138 2152 2203 maximam

238 2226 383 2292 fore
435 2232 692 2313 praesto
755 2230 825 2293 in
881 2227 1091 2315 Syria,
1152 2228 1236 2292 ad
1288 2250 1502 2292 meum
1565 2227 1850 2293 officium
1901 2227 2153 2311 reverti,

242 2316 536 2401 daboque
575 2339 854 2403 operam,
898 2322 972 2382 ut
1007 2339 1224 2383 meum
1260 2316 1560 2400 studium,
1605 2315 2007 2401 diligentiam
2043 2336 2151 2380 10-

241 2404 344 2468 b1s
353 2456 371 2489 ,
424 2428 485 2490 p.
531 2427 611 2489 c.,
672 2408 890 2491 reique
943 2406 1238 2491 publicae
1291 2408 1636 2490 praestem,
1690 2404 2152 2489 pecuniamque

242 2514 437 2575 quam
490 2496 834 2559 maximam
887 2500 1114 2579 potero
1171 2499 1236 2558 et
1290 2515 1484 2577 quam
1546 2493 1870 2562 celerrime
1925 2513 2152 2577 cogam

245 2582 668 2668 omnibusque
712 2584 1072 2649 rationibus
1127 2583 1209 2647 ad
1255 2604 1369 2646 103
1415 2581 1686 2647 mittam.
1778 2579 1845 2646 Si
1898 2602 2152 2665 percur-

245 2690 387 2736 rero
450 2673 849 2755 provinciam
909 2675 978 2736 et
1040 2692 1433 2772 cognovem,
1505 2671 1616 2754 qui
1677 2670 1867 2735 nobis
1932 2671 1997 2732 et
2059 2669 2153 2732 rei

241 2759 536 2843 publicae
580 2762 775 2826 fidem
809 2761 1251 2864 praestiterint
1293 2760 1364 2823 111
1399 2757 1838 2824 conservanda
1880 2757 2153 2840 pecunia

243 2868 284 2912 a
327 2870 430 2913 me
477 2849 795 2934 deposita,
855 2850 1088 2934 quique
1135 2850 1370 2914 scelere
1416 2848 1585 2913 ultro
1634 2846 1991 2911 deferentes
2045 2866 2153 2928 pe-

241 2937 501 3003 cuniam
544 2939 870 3022 publicam
914 2938 1039 3004 hoc
1084 2958 1348 3003 munere
1386 2937 1759 3003 societatem
1791 2933 2154 2998 facinorum

241 3046 389 3090 cum
441 3026 782 3092 Dolabella
837 3028 1125 3110 inierint,
1186 3026 1421 3091 faciam
1474 3046 1589 3089 vos
1645 3023 1963 3088 certioreS.
2052 3020 2152 3085 De

240 3114 500 3200 quibus,
557 3116 612 3181 si
657 3116 840 3181 vobis
886 3115 1232 3201 videbitur,
1278 3115 1360 3198 31,
1404 3116 1478 3177 ut
1520 3111 1732 3177 meriti
1778 3114 1957 3195 sunt,
2010 3130 2151 3195 gra·
2219 3154 2224 3158 ·

242 3202 406 3268 viter
451 3204 912 3270 constitueritis
956 3226 1205 3289 nosque
1250 3205 1463 3267 vestra
1517 3200 1897 3266 auctoritate
1942 3199 2150 3262 firma·

384 3413 488 3485 Ep.
539 3421 630 3483 15,
661 3422 708 3470 6.
763 3416 1006 3471 studium
1043 3413 1484 3483 diliqentiamque
1520 3410 1687 3478 (W.)?
1726 3439 1793 3449 -
1834 3423 1897 3476 p.
1934 3421 1978 3460 c.
2017 3404 2149 3472 (M).

235 3490 424 3557 patres
460 3488 755 3558 conscripti
790 3486 979 3558 vulgo.
1017 3516 1087 3525 -
1124 3485 1375 3539 scelerate
1428 3482 1573 3536 ultro
1622 3479 1703 3547 (L.
1707 3480 1762 3545 )‘?
