2338 3691
219 120 347 184 318
782 119 857 174 Μ.
896 119 1143 174 TULLII
1183 118 1565 175 CICERONIS

215 265 433 351 potius
487 264 835 349 periclitari
886 265 1089 348 volui,
1144 264 1200 328 si
1252 285 1511 348 possem
1563 286 1708 330 mea
1765 267 2144 350 praesentia

218 357 286 420 et
346 352 661 437 Lepidum
722 353 889 418 tueri
962 356 1029 417 et
1090 353 1437 418 exercitum
1506 353 1719 418 facere
1782 354 2140 440 meliorem,

218 464 411 527 quam
455 442 648 507 nimis
694 445 920 507 cautus
966 441 1195 526 videri3
1241 442 1678 507 sollicitiorem
1714 447 1885 508 certe
1925 444 2134 508 homi·

216 554 394 616 nem,
456 553 594 596 non
655 531 789 596 suis
851 531 1231 616 contractis,
1295 531 1620 596 neminem
1681 535 1839 616 puto
1905 532 2140 616 fuisse,

215 643 396 706 nam,
469 641 631 704 quae
695 618 798 685 r'es
859 621 1108 685 nullam
1167 619 1453 684 habebat
1515 620 2009 704 dubitationem,
2075 623 2134 686 si

217 709 530 775 exercitus
583 708 810 794 Lepidi
874 710 1152 792 abesset,
1217 731 1293 773 ea
1346 730 1520 773 nunc
1582 730 1887 795 magnam
1944 710 2136 774 affert

217 798 715 864 sollicitudinem
750 818 1185 884 magnumque
1220 798 1421 862 habet
1459 819 1705 883 casum3
1749 798 1910 863 mihi
1956 799 2126 863 enim

217 887 272 951 si
327 887 731 972 contigisset,
785 891 861 951 ut
910 886 1088 971 prior
1150 907 1548 951 occurrerem
1609 885 1930 972 Antonio,
1993 909 2132 952 non

214 975 610 1040 mehercules
653 974 881 1040 horam
927 975 1348 1040 constitisset:
1393 978 1650 1040 tantum
1690 995 1812 1060 ego
1858 979 1925 1040 et
1967 976 2129 1040 mihi

216 1063 470 1129 confido
533 1066 598 1128 et
663 1064 754 1128 sic
815 1064 1143 1148 perculsas
1205 1065 1378 1129 illius
1433 1064 1652 1149 copias
1710 1062 2128 1149 Ventidiique

214 1153 518 1218 mulionis
564 1156 777 1217 castra
821 1153 1134 1237 despici03
1189 1153 1300 1218 sed
1345 1174 1482 1218 non
1525 1174 1789 1237 possum
1842 1175 1978 1218 non
2023 1176 2130 1218 ex-

213 1241 601 1326 horrescere,
637 1242 693 1306 si
721 1241 873 1326 quid
899 1242 1076 1305 intra
1110 1244 1324 1306 cutem
1361 1242 1583 1306 subest
1615 1242 1917 1326 vulneriS,
1954 1242 2126 1326 quod

214 1331 393 1415 prius
447 1352 678 1396 nocere
741 1333 983 1415 potest,
1046 1352 1240 1415 quam
1299 1330 1447 1395 sciri
1511 1330 1844 1415 curarique
1902 1331 2125 1415 possit.

217 1417 342 1485 Sed
387 1424 575 1504 certe,
619 1420 747 1484 nisi
790 1440 922 1484 uno
967 1420 1110 1485 loco
1158 1441 1260 1484 me
1305 1424 1617 1503 tenerem,
1661 1440 1973 1505 magnum
2017 1442 2123 1503 pe·

214 1509 486 1574 riculum
539 1509 678 1593 ipse
733 1507 1042 1593 LepiduS,
1103 1528 1414 1593 magnum
1478 1529 1554 1572 ea
1606 1530 1757 1592 pars
1811 1508 2126 1573 exercitus

214 1597 447 1682 adiret,
510 1619 672 1682 quae
735 1597 899 1662 bene
954 1597 1032 1662 de
1085 1619 1155 1662 re
1210 1596 1469 1682 publica
1527 1597 1755 1681 sentit3
1817 1597 2121 1682 magnam

215 1686 411 1751 etiam
469 1685 703 1770 perditi
756 1685 977 1750 hostes
1032 1686 1462 1750 accessionem
1509 1685 1630 1750 sibi
1675 1685 2005 1769 fecissent,
2069 1687 2124 1750 si

214 1796 374 1859 quas
420 1775 639 1859 copias
685 1796 726 1838 a
768 1773 1013 1860 Lepido
1060 1775 1549 1839 abstraxissent:
1598 1795 1761 1859 quae
1799 1775 1853 1839 si
1889 1775 2120 1839 adven-

211 1868 319 1928 tus
373 1885 554 1928 meus
607 1865 1008 1949 represserit,
1071 1885 1264 1950 agam
1318 1864 1559 1949 gratias
1614 1864 1914 1929 fortunae
1974 1886 2121 1930 con-

214 1953 618 2037 stantiaeque
672 1974 878 2038 meae,
941 1974 1104 2038 quae
1159 1954 1241 2019 ad
1294 1953 1465 2018 hanc
1518 1953 1975 2039 experientiam
2028 1974 2123 2018 me

143 2051 177 2101 4
213 2041 531 2106 excitavit.
627 2041 855 2126 Itaque
912 2064 980 2112 a.,
1015 2041 1073 2106 d.
1118 2056 1243 2103 ΧΗ.
1298 2041 1568 2106 Kalend.
1626 2040 1767 2106 Iun.
1815 2042 1895 2107 ab
1940 2040 2120 2106 Isara

142 3098 170 3147 1

212 2132 425 2195 castra
459 2130 658 2213 movi3
702 2134 970 2214 pontem
1006 2134 1245 2215 tamen,
1282 2151 1471 2215 quem
1506 2131 1576 2194 in
1612 2130 1793 2195 Isara
1826 2131 2121 2216 feceram,

211 2219 493 2284 castellis
539 2219 789 2285 duobus
836 2220 917 2284 ad
963 2219 1179 2303 capita
1231 2219 1459 2302 positis
1504 2219 1732 2303 reliqui
1775 2220 2118 2304 praesidia·
2235 2307 2240 2310 Ὗ

213 2328 336 2391 que
379 2308 472 2372 ibi
514 2307 702 2372 firma
744 2308 950 2393 posui,
992 2312 1069 2372 ut
1111 2308 1397 2372 venienti
1441 2306 1645 2373 Bruto
1693 2308 2119 2393 exercituique

211 2396 347 2461 eius
403 2396 539 2462 sine
602 2418 786 2462 mora
844 2395 1158 2461 transitus
1214 2400 1384 2461 esset
1434 2401 1716 2481 paratus
1818 2396 1995 2482 Ipse,
2046 2400 2121 2461 ut

212 2506 418 2570 spero,
462 2485 688 2551 diebus
735 2489 900 2571 octo,
945 2485 1178 2570 quibus
1224 2485 1344 2551 has
1387 2483 1638 2551 litteras
1680 2486 1930 2571 dabam,
1974 2508 2119 2551 cum

210 2573 441 2659 Lepidi
487 2575 688 2659 copiis
732 2595 836 2641 me
880 2574 1292 2659 coniungam.

1075 2751 1255 2817 XIX.

431 2863 544 2920 Scr.
584 2864 796 2920 Romae
832 2865 1070 2919 exeunte
1105 2880 1297 2919 mense
1332 2862 1483 2919 Maio
1522 2879 1571 2918 a.
1608 2881 1662 2918 u.
1701 2879 1747 2918 c.
1779 2869 1898 2918 711.

865 2986 1127 3043 CICERO
1162 2985 1469 3042 PLANCO.

342 3087 746 3173 Quamquam
799 3088 1155 3173 gratiarum
1202 3088 1522 3152 actionem
1578 3109 1617 3151 a
1659 3090 1725 3151 te
1770 3108 1906 3151 non
1959 3086 2118 3151 desi-

209 3174 530 3262 derabam,
575 3198 774 3261 quum
817 3180 884 3241 te
928 3198 997 3241 re
1042 3177 1186 3261 ipsa
1231 3179 1423 3261 atque
1461 3176 1677 3241 animo
1717 3176 1944 3240 scirem
1982 3197 2118 3240 esse

349 3329 452 3398 Ep.
495 3336 577 3398 18,
606 3338 655 3386 3.
727 3333 780 3387 si
803 3348 1018 3401 possem
1045 3332 1255 3404 (Crat).
1329 3334 1381 3388 si
1406 3336 1591 3402 posset
1615 3332 1744 3387 ΜΒ.
1784 3361 1852 3373 -
1888 3332 2117 3393 habebat

210 3441 257 3453 ..
282 3441 294 3452 .
333 3401 535 3453 abesset
580 3402 654 3469 (q.
691 3420 743 3457 v.
785 3403 867 3458 cd.
905 3404 1186 3475 Lambini,
1226 3403 1391 3475 Sch.).
1473 3404 1704 3460 habebat
1738 3442 1752 3457 .
1774 3442 1825 3459 ..
1863 3404 2007 3459 absit
2041 3403 2113 3457 M.

206 3470 401 3523 habeat
438 3510 450 3522 .
474 3510 486 3522 .
509 3511 521 3524 .
560 3472 705 3526 absit
739 3473 886 3542 Ern„
926 3475 987 3530 B.
