2338 3691
223 117 315 180 44
795 116 871 172 M.
910 116 1160 172 TULLII
1198 115 1581 172 CICERONIS

228 263 544 347 quitatem
579 264 647 327 et
680 265 948 347 propter
983 261 1327 328 latrocinia
1361 261 1726 327 tardissime
1764 260 1982 326 omnia
2006 283 2149 347 per·-

224 351 541 416 feruntur.
612 354 697 415 Et
742 372 941 436 quum
988 353 1298 437 gratulor,
1342 354 1481 416 tum
1518 373 1690 434 vero,
1736 351 1967 436 quibus
2013 373 2152 416 ver·

225 440 327 505 bis
371 439 494 504 tibi
540 440 786 525 gratias
833 460 1044 525 agam,
1087 462 1227 506 non
1268 439 1538 523 reperio,
1582 439 1756 524 quod
1799 440 1893 503 ita
1936 439 2152 505 factus

229 529 316 593 sis
327 578 346 613 ,
400 532 476 593 ut
520 528 769 593 dederis
814 529 1033 613 nobiS,
1088 528 1627 615 quemadmodum
1674 529 2021 612 scripseras
2069 529 2151 594 ad

226 638 358 701 me,
404 639 596 702 quem
642 639 894 702 semper
951 580 1157 682 ridere
1203 639 1557 721 possemus.
1645 616 1904 703 Itaque,
1950 638 2151 702 quum

227 706 508 790 primum
564 706 806 792 audivi,
871 727 992 792 ego
1048 706 1156 772 ille
1222 707 1363 792 ipse
1415 706 1628 771 factus
1684 729 1829 772 sum
1872 742 1958 753 -
2006 706 2151 791 sciS,

95 870 99 874 .
230 816 422 879 quem
484 795 693 860 dicam
748 831 833 843 -
888 796 1120 882 egique
1193 817 1418 862 omnes
1480 796 1627 860 illos
1692 795 2152 878 adolescenteS,

157 902 190 950 2
229 905 390 968 quos
437 884 546 949 ille
592 884 838 949 actitat.
909 883 1193 949 Difficile
1239 888 1340 950 est
1381 884 1587 969 loqui3
1631 886 1696 948 te
1744 887 1962 948 autem
2000 905 2149 949 con·

226 973 550 1057 templans
597 973 933 1038 absentem
978 976 1044 1037 et
1090 974 1277 1058 quasi
1319 976 1534 1037 tecum
1573 994 1791 1039 coram
1823 973 2150 1056 loquerer:

315 1127 454 1172 non
490 1105 736 1192 edepol,
774 1108 1087 1191 quantam
1119 1129 1260 1172 rem
1297 1106 1523 1192 egeriS,
1559 1128 1785 1191 neque,
1831 1109 2149 1191 quantum

762 1242 765 1243 ν
864 1193 1118 1259 facinus
1163 1196 1427 1280 feceris3

230 1327 403 1412 quod
448 1327 600 1413 quia
635 1330 893 1411 praeter
929 1328 1303 1413 opinionem
1337 1328 1498 1393 mihi
1536 1328 1871 1413 acciderat,
1916 1328 2146 1394 refere-

227 1416 380 1481 bam
426 1439 529 1482 me
577 1417 658 1480 ad
703 1416 891 1481 illud:

317 1549 690 1614 incredibile
734 1549 861 1614 hoc
905 1550 1084 1615 factu
1131 1549 1457 1633 obiicitur3

227 1683 494 1764 repente
549 1703 702 1746 vero
757 1681 992 1746 incessi
1045 1683 1382 1767 „omnibus
1436 1681 1701 1747 laetitiis
1753 1681 2002 1748 laetus“
2009 1707 2026 1768 3
2079 1683 2152 1748 in

230 1791 358 1854 quo
429 1791 626 1854 quum
682 1769 1086 1856 obiurgarer,
1151 1770 1323 1856 quod
1385 1770 1587 1836 nimio
1645 1771 1882 1858 gaudio
1936 1794 2151 1857 paene

230 1858 606 1943 desiperem,
649 1859 744 1923 ita
787 1881 891 1924 me
938 1859 1388 1925 defendebam:

320 2012 440 2076 ego
487 1992 888 2077 voluptatem
935 1993 1135 2057 animi
1179 1992 1447 2057 nimiam
1476 2043 1491 2058 .
1513 2042 1528 2057 .
1550 2015 1594 2078 .;

231 2124 385 2209 quid
431 2125 729 2209 quaeris?
785 2126 939 2192 dum
969 2127 1179 2191 -illum
1231 2126 1438 2211 rideo,
1488 2148 1693 2211 paene
1750 2147 1892 2191 sum
1935 2127 2154 2194 factus

158 2229 192 2277 3
227 2213 356 2278 ille.
447 2212 573 2279 Sed
616 2215 778 2280 haec
821 2215 1115 2300 pluribus
1160 2216 1489 2298 multaque
1546 2216 1674 2279 alia
1727 2218 1795 2280 et
1847 2214 1925 2279 de
1968 2218 2036 2280 te
2082 2221 2155 2282 et

231 2302 314 2367 ad
356 2305 450 2388 te,
505 2325 704 2388 quum
758 2304 1038 2389 primum
1093 2325 1202 2369 ero
1251 2302 1491 2388 aliquid
1545 2307 1775 2369 nactus
1830 2304 1963 2369 otii.
2054 2305 2153 2371 Te

230 2412 412 2477 vero,
473 2393 564 2457 mi
624 2392 822 2478 Rufe,
885 2393 1111 2479 diligo,
1176 2414 1367 2476 quem
1430 2391 1590 2457 mihi
1650 2392 1917 2458 fortuna
1971 2392 2155 2459 dedit

231 2480 764 2584 amplificatorem
808 2482 1145 2566 dignitatis
1190 2502 1398 2564 meae,
1450 2482 1728 2547 ultorem
1771 2503 1908 2547 non
1952 2482 2156 2549 modo

229 2568 665 2653 inimicorum,
720 2570 831 2635 sed
878 2571 1073 2634 etiam
1125 2569 1492 2634 invidorum
1536 2592 1853 2655 meorum,
1907 2574 1982 2635 ut
2037 2593 2155 2637 eos

230 2658 470 2743 partim
516 2659 828 2723 scelerum
872 2679 1163 2737 suorum,
1216 2658 1456 2743 partim
1509 2657 1706 2724 etiam
1757 2659 2154 2744 ineptiarum

230 2748 616 2833 poeniteret.

372 3010 477 3080 Ep
517 3017 567 3079 9,
597 3016 647 3065 2.
718 3010 818 3065 hoc
849 3009 1060 3078 factm
1097 3010 1245 3080 (A.)?
1281 3041 1349 3051 —
1387 3026 1511 3065 vero
1538 3010 1734 3067 incessi
1766 3026 1945 3078 „omn
1974 3013 2010 3067 1.
2042 3014 2154 3069 lae-

233 3029 704 3153 ΐιιε“(1ν[ἐ.ἀνί3..)
776 3097 826 3137 v.
862 3082 1008 3149 „ina
1048 3095 1094 3137 o.
1134 3081 1169 3135 l.
1210 3081 1284 3135 l.“
1318 3080 1509 3153 vulgo.
