2338 3691
258 140 392 205 210
825 140 899 193 Μ.
940 138 1186 194 TULLII
1223 138 1604 196 CICERONIS

1051 447 1058 453 .
1102 388 1315 455 XVII.

583 500 698 556 Sor.
738 502 949 556 Romae
985 518 1176 556 mense
1216 501 1414 556 Sextili
1453 518 1501 556 a.
1541 520 1593 555 u.
1632 519 1679 557 c.
1721 509 1836 558 700.

787 624 1044 681 CICERO
1075 625 1443 681 TREBATIO
1484 625 1635 679 SAL.

188 735 214 784 1
387 723 489 789 Ex
532 725 663 790 tuis
718 726 950 791 litteris
1006 730 1071 790 et
1117 724 1358 801 Quinto
1412 726 1599 791 fratri
1655 726 1897 812 gratias
1955 727 2066 812 egi
2114 732 2183 792 et

253 816 319 878 te
366 814 712 898 aliquando
760 814 1122 879 collaudare
1179 836 1470 899 possum,
1524 816 1697 899 quod
1749 816 1878 880 iam
1933 816 2181 880 videris

256 905 430 966 certa
470 903 740 988 aliqua
721 926 792 967 ιιι
828 903 1149 968 sententia
1188 904 1580 987 constitisse3
1624 926 1777 969 nam
1812 905 2181 988 primorum

255 1013 551 1072 mensum
595 992 827 1057 litteris
862 992 993 1056 tuis
1030 992 1444 1056 vehementer
1482 993 1967 1094 commovebar,
1996 992 2179 1076 quod

254 1079 412 1144 mihi
457 1065 781 1146 interdum
827 1117 912 1127 —-
958 1101 1116 1164 pace
1162 1083 1278 1145 tua
1318 1081 1586 1146 dixerim
1624 1118 1707 1127 —
1744 1081 1902 1146 levis
1948 1081 2022 1144 in
2070 1104 2177 1145 ur-

252 1168 352 1232 bis
398 1169 910 1253 urbanitatisque
958 1169 1300 1253 desiderio,
1344 1170 1670 1234 interdum
1713 1170 1926 1255 piger,
1971 1169 2176 1233 inter·
2202 1236 2207 1239 ,

253 1257 405 1322 dum
448 1258 711 1323 timidus
758 1259 826 1323 in
870 1258 1090 1323 labore
1135 1258 1419 1343 militari,
1462 1279 1653 1342 saepe
1691 1261 1906 1322 autem
1953 1258 2176 1343 etiam,

253 1347 424 1430 quod
471 1369 511 1411 a
554 1351 620 1412 te
667 1347 1129 1412 alienissimum
1177 1350 1294 1431 est,
1339 1346 1800 1431 subimpudens
1837 1345 2173 1430 videbare3

250 1439 581 1519 tamquam
636 1437 808 1500 enim
865 1434 1304 1520 syngrapham
1360 1436 1442 1499 ad
1496 1436 1978 1521 imperatorem,
2032 1457 2174 1500 non

253 1523 594 1608 epistolam
640 1525 996 1608 attulisses,
1042 1524 1132 1588 sic
1177 1525 1452 1608 pecunia
1497 1524 1715 1588 ablata
1761 1523 2024 1588 domum
2073 1545 2170 1588 re-

252 1611 386 1675 dire
431 1613 852 1697 properabas,
905 1633 1026 1676 nec
1079 1612 1200 1676 tibi
1252 1613 1323 1676 in
1376 1615 1661 1677 mentem
1707 1612 2008 1677 veniebat
2057 1634 2169 1677 eos

250 1701 453 1784 ipsos,
499 1701 609 1785 qui
656 1723 803 1766 cum
856 1701 1246 1785 syngraphis
1301 1702 1631 1766 venissent
1672 1699 2168 1784 Alexandream,
2224 1768 2249 1774 ,

181 1805 211 1855 2
249 1810 585 1854 ιιιιιιιιιιιιιιι
632 1788 841 1854 adhuc
886 1789 1135 1854 nullum
1183 1789 1434 1855 auferre
1478 1788 1784 1875 potuisse.
1873 1788 2050 1875 Ego,
2110 1790 2165 1855 si

249 1879 374 1942 mei
438 1878 757 1943 commodi
813 1879 1133 1943 rationem
1198 1878 1521 1963 ducerem,
1583 1883 1649 1943 te
1711 1899 1965 1943 mecum
2024 1900 2164 1944 esse

247 1967 524 2031 maxime
578 1966 834 2050 vellem3
887 1989 1024 2032 non
1089 1967 1263 2031 enim
1315 1967 1622 2032 mediocri
1678 1966 2006 2031 afficiebar
2061 1968 2165 2031 vel

249 2056 579 2140 voluptate
633 2077 710 2119 ex
773 2055 1237 2121 consuetudine
1298 2059 1524 2122 nostra
1584 2056 1688 2121 vel
1749 2055 2030 2120 utilitate
2085 2077 2165 2119 ex

250 2144 516 2209 consilio
582 2146 775 2227 atque
839 2165 1035 2228 opera
1096 2148 1238 2227 tua;
1301 2144 1440 2221 sed,
1504 2166 1702 2228 quum
1756 2146 1822 2208 te
1879 2165 1955 2207 ex
2010 2143 2161 2207 ado-

247 2232 554 2298 lescentia
605 2236 721 2296 tua
773 2233 844 2296 in
899 2233 1248 2296 amicitiam
1302 2235 1369 2296 et
1421 2232 1613 2297 fidem
1670 2252 1882 2296 meam
1937 2236 2159 2297 contu-

246 2322 450 2405 lisses,
486 2342 737 2405 semper
770 2324 836 2385 te
864 2342 999 2385 non
1026 2320 1220 2385 modo
1257 2320 1571 2385 tuendum
1595 2319 1774 2404 mihi,
1813 2319 1924 2385 sed
1966 2321 2158 2385 etiam

249 2409 615 2495 augendum
661 2413 852 2494 atque
900 2409 1261 2474 ornandum
1305 2409 1548 2493 putavi.
1635 2407 1893 2494 Itaque,
1948 2409 2159 2492 quoad

248 2499 549 2583 opinatus
596 2520 739 2562 sum
784 2518 886 2562 me
931 2498 1000 2561 in
1045 2498 1446 2582 provinciam
1484 2497 1821 2581 exiturum,
1867 2517 2031 2580 quae
2076 2497 2158 2561 ad

244 2591 310 2653 te
355 2588 527 2652 ultro
566 2586 921 2669 detulerim,
966 2586 1335 2650 meminisse
1371 2590 1437 2650 te
1475 2586 1692 2669 cred03
1737 2588 2155 2670 posteaquam

246 2698 322 2741 ea
366 2677 617 2740 mutata
667 2675 834 2740 ratio
881 2676 1007 2758 est,
1062 2696 1261 2757 quum
1314 2674 1596 2738 viderem
1642 2695 1744 2738 me
1801 2695 1840 2737 a
1886 2670 2154 2738 Caesare

243 2763 888 2830 honorificentissime
941 2763 1209 2826 tractari
1263 2765 1329 2826 et
1381 2763 1568 2827 unice
1615 2761 1797 2846 diligi
1851 2761 2153 2827 hominis-

245 2875 366 2937 que
411 2852 865 2917 liberalitatem
918 2851 1359 2915 incredibilem
1416 2854 1481 2915 et
1526 2850 1920 2935 singularem
1965 2850 2152 2914 fidem

241 2963 520 3026 nossem,
566 2941 658 3005 sic
703 2940 762 3005 ei
805 2943 872 3004 te
918 2939 1361 3003 commendavi
1408 2942 1475 3003 et
1508 2939 1761 3021 tradidi,
1806 2941 1879 3003 ut
1916 2940 2149 3023 gravis-

244 3030 400 3094 sime
448 2993 1062 3114 diligentissimeque
1108 3028 1319 3112 potui3
1365 3027 1536 3111 quod
1581 3028 1688 3091 ille
1735 2990 1827 3091 i'ta
1873 3031 1938 3091 et
1985 3049 2148 3093 acce-

241 3117 341 3201 pit
385 3120 450 3180 et
495 3117 654 3180 mihi
702 3139 889 3202 saepe
926 3117 1159 3181 litteris
1199 3115 1589 3200 significavit
1633 3118 1701 3179 et
1743 3115 1863 3179 tibi
1910 3118 1977 3180 et
2020 3137 2146 3179 ver-

243 3203 343 3268 bis
399 3208 466 3267 et
506 3225 576 3267 re
631 3205 916 3270 ostendit
966 3227 1112 3269 mea
1166 3204 1721 3269 commendatione
1777 3224 1915 3268 sese
1970 3204 2147 3268 valde

244 3312 382 3356 esse
429 3294 839 3357 commotum.
910 3292 1104 3358 Hunc
1148 3296 1222 3357 tu
1257 3294 1466 3357 virum
1501 3296 1750 3378 nactus,
1795 3293 1850 3357 si
1893 3314 1997 3357 me
2044 3296 2147 3356 aut

383 3478 486 3549 Ep.
531 3485 613 3548 17,
647 3486 693 3535 1.
767 3481 1159 3553 imperatorem,
1197 3490 1247 3541 et
1285 3486 1396 3553 (vel
1433 3487 1517 3554 ac)
1555 3501 1667 3540 non
1702 3500 1782 3554 ep.
1823 3485 1991 3553 (W.)?
