2338 3691
207 115 293 180 62
771 116 844 170 Μ.
886 114 1136 171 TULLII
1174 114 1555 172 CICERONIS

207 284 323 329 suo
363 282 656 328 sermone
693 261 1082 326 subsecutus·
1109 264 1211 327 est
1244 261 1716 327 humanitatem
1758 261 2122 326 litterarum

203 356 488 416 tuarum:
551 350 833 416 iucunda
883 349 1044 414 mihi
1100 351 1239 416 eius
1303 351 1510 416 oratio
1571 348 1725 435 fuit,
1787 371 1986 434 quum
2040 349 2120 414 de

206 440 421 506 animo
482 443 627 524 tuo,
689 439 768 504 de
832 439 1265 523 sermonibus,
1328 459 1491 523 quos
1548 438 1626 502 de
1680 459 1785 503 me
1846 437 2120 504 haberes

204 528 508 613 quotidie,
551 527 714 592 mihi
757 531 1078 611 narraret3
1124 527 1279 611 quid
1326 525 1625 612 quaeris?
1672 526 1868 592 biduo
1904 525 2120 592 factus
2157 602 2166 611 ‚

203 619 304 682 est
354 616 516 681 mihi
567 615 933 701 familiaris,
985 576 1080 680 ita’.
1131 619 1380 701 tamen,
1431 619 1509 681 ut
1558 613 1879 681 Phaniam
1931 615 2121 681 valde

202 706 326 770 sim
388 705 891 790 desideraturus,
954 726 1147 789 quem
1210 726 1411 789 quum
1470 703 1749 770 Romam
1809 704 2121 790 remittes,

202 794 400 878 quod,
445 796 522 859 ut
562 794 980 880 putabamus,
1025 793 1317 858 celeriter
1361 814 1504 858 eras
1548 792 1869 879 facturus,
1913 793 2120 859 omni·

202 883 322 948 bus
368 883 428 948 ei
473 883 551 951 de
595 882 808 968 rebus,
853 903 1014 967 quas
1060 882 1187 969 agi,
1232 903 1394 966 quas
1440 882 1651 947 curari
1695 904 1737 947 a
1777 903 1883 947 me
1919 882 2120 968 voles,

199 972 507 1036 mandata
568 972 681 1036 des
752 971 964 1037 velim.
1070 969 1143 1037 L.
1206 970 1542 1038 Valerium
1606 970 2119 1037 iureconsultum

199 1060 385 1125 valde
421 1060 544 1125 tibi
580 1060 977 1144 commendo,
1022 1060 1135 1124 sed
1171 1060 1266 1125 ita
1301 1060 1514 1145 etiam,
1559 1059 1616 1124 si
1659 1080 1796 1125 non
1841 1063 1942 1125 est
1974 1060 2116 1124 iure

199 1150 560 1234 consultus,
612 1149 842 1213 melius
888 1148 1062 1213 enim
1106 1147 1167 1214 ei
1222 1169 1446 1215 cavere
1490 1148 1668 1233 volo,
1726 1170 1921 1234 quam
1972 1149 2115 1234 ipse

199 1237 343 1303 aliis
389 1238 571 1304 solet.
642 1236 851 1304 Valde
895 1237 1228 1303 hominem
1273 1238 1499 1324 diligo:
1547 1239 1648 1303 est
1691 1259 1770 1302 ex
1803 1237 1964 1302 meis
2000 1237 2113 1302 do-

196 1326 481 1393 mesticis
536 1328 728 1412 atque
790 1326 1038 1392 intimis
1100 1326 1546 1392 familiaribus.
1646 1324 1927 1392 Omnino
1990 1325 2115 1392 tibi

198 1416 337 1502 agit
389 1416 662 1503 gratias,
719 1416 832 1481 sed
885 1416 1058 1481 idem
1110 1416 1335 1481 scribit
1384 1437 1564 1481 meas
1616 1415 1868 1480 litteras
1911 1415 2115 1479 maxi-

194 1527 375 1659 11ὲ111111
420 1505 590 1677 6Ῑί1ἑᾶ
634 1507 701 1569 te
714 1504 1001 1658 tpondus
1045 1504 1408 1570 habituras:
1462 1505 1530 1569 id
1575 1526 1724 1570 eum
1777 1525 1861 1569 ne
1905 1504 2114 1590 fallat,

197 1615 231 1658 e
287 1614 478 1659 ama
551 1613 712 1657 uee
768 1613 1100 1678 amrogo.

1102 1786 1193 1855 Π.

266 1899 379 1954 Sor.
426 1899 638 1955 Romae
697 1898 927 1956 ineunte
971 1916 1022 1956 a.
1067 1919 1125 1957 u.
1169 1918 1218 1957 c.
1268 1907 1369 1958 ⁷03
1428 1901 1581 1970 (ante
1626 1901 1772 1957 Non.
1817 1900 2037 1972 Maias).

288 2023 363 2079 Μ.
402 2021 658 2081 CICERO
695 2022 987 2080 PROCOS.
1027 2024 1081 2081 S.
1117 2026 1186 2081 D.
1223 2025 1440 2082 APPIO
1476 2024 1814 2083 PULCHBO
1850 2025 1999 2082 IMP.

325 2122 538 2200 Quum
591 2127 659 2190 et
711 2127 939 2191 contra
999 2127 1404 2194 voluntatem
1462 2149 1676 2194 meam
1730 2131 1797 2192 et
1848 2129 2110 2213 praeter

193 2212 566 2315 opinionem
611 2213 966 2299 accidisset,
1009 2219 1084 2280 ut
1127 2215 1289 2280 mihi
1335 2237 1482 2319 cum
1524 2217 1796 2302 imperio
1841 2216 1913 2281 in
1956 2239 2108 2320 pro-

190 2301 470 2368 vinciam
512 2302 834 2388 proficisci
877 2325 1139 2382 necesse
1186 2308 1374 2390 esset,
1415 2305 1489 2370 in
1529 2306 1753 2372 multis
1798 2308 1865 2371 et
1907 2306 2107 2373 variis

188 2391 502 2456 molestiis
557 2392 1185 2479 cogitationibusque
1245 2394 1407 2461 meis
1468 2393 1630 2459 haec
1690 2416 1823 2460 una
1875 2415 2106 2461 conso-

188 2479 348 2544 latio
414 2481 814 2566 occurrebat,
877 2482 1050 2566 quod
1111 2503 1322 2566 neque
1383 2482 1505 2547 tibi
1558 2483 1852 2569 amicior,
1906 2505 2105 2568 quam

190 2589 312 2654 ego
360 2590 522 2654 sum,
552 2569 910 2671 ‘quisquam
951 2573 1177 2672 posset
1221 2572 1558 2637 succedere
1594 2593 1802 2658 neque
1849 2593 1972 2659 ego
2020 2573 2103 2638 ab

188 2658 321 2722 ullo
383 2657 785 2743 provinciam
847 2659 1159 2744 accipere,
1233 2660 1344 2745 qui
1404 2661 1629 2727 mallet
1699 2682 1844 2727 eam
1906 2682 2106 2747 quam

187 2747 462 2812 maxime
516 2746 678 2811 mihi
731 2750 953 2832 aptam
1013 2748 1521 2836 explicatamque
1584 2750 1865 2834 tradere3
1928 2750 2104 2835 quod

189 2835 245 2901 si
297 2840 372 2900 tu
436 2857 689 2922 quoque
755 2836 1025 2901 eandem
1078 2838 1156 2903 de
1221 2860 1367 2905 mea
1426 2840 1761 2905 voluntate
1825 2859 1984 2925 erga
2034 2842 2103 2905 te

189 2945 370 3026 spem
413 2924 634 3011 habes,
679 2946 756 2991 ea
798 2928 864 2990 te
909 2925 1203 3011 profecto
1248 2950 1603 3013 numquam
1645 2928 1845 2994 fallet.
1934 2926 1999 2993 A
2033 2930 2102 2993 te

186 3013 465 3080 maximo
511 3035 703 3099 opere
746 3036 865 3100 pro
911 3018 1138 3081 nostra
1174 3039 1425 3083 summa
1460 3017 1913 3084 coniunctione
1957 3020 2101 3083 tua-

189 3122 311 3183 que
359 3101 673 3187 singulari
708 3103 1113 3171 humanitate
1151 3106 1351 3171 etiam
1386 3108 1578 3192 atque
1615 3107 1813 3172 etiam
1856 3128 2098 3191 quaeso

189 3192 254 3251 et
295 3191 468 3273 peto,
513 3193 604 3273 ut,
650 3193 1157 3279 quibuscumque
1203 3195 1395 3260 rebus
1432 3196 1676 3282 poteris
1720 3230 1806 3243 —-·
1851 3195 2098 3280 poteris

188 3279 404 3341 autem
436 3277 730 3362 plurimis
759 3316 864 3367 —‚
906 3283 1262 3368 prospicias
1300 3287 1366 3349 et
1399 3285 1698 3351 consulas
1732 3284 2098 3351 rationibus

326 3467 430 3538 Ep.
472 3474 521 3537 1,
549 3474 599 3524 8.
670 3470 854 3539 fallat,
889 3475 1053 3530 etiam
1090 3476 1224 3545 (M.).
1296 3478 1360 3545 fi,
1394 3481 1446 3533 te
1480 3493 1523 3533 e.
1562 3476 1749 3546 (Crat,
1782 3476 1908 3546 B.)?
