2338 3691
206 153 289 218 38
770 153 845 208 M.
886 152 1133 207 TULLII
1171 150 1554 207 CICERONIS

205 301 377 385 quod
423 300 594 382 01100,
641 299 960 384 gratulor,
1013 299 1114 363 vel
1172 298 1324 382 quia
1375 319 1510 363 non
1564 296 1744 362 vides
1799 319 1900 382 ea,
1960 319 2127 381 quae
2177 316 2180 321 ⁸

205 411 352 473 1100,
405 389 508 454 vel
556 388 727 471 quod
773 387 1021 452 excelso
1069 390 1135 451 et
1178 387 1415 451 illustri
1458 388 1603 452 loco
1661 387 1786 451 sita
1841 388 1938 450 est
1980 387 2126 451 laus

201 483 318 543 tua
352 477 424 542 in
460 476 885 562 plurimorum
922 479 987 540 et
1024 476 1345 541 sociorum
1381 479 1449 540 et
1484 475 1718 541 civium
1758 478 2128 560 conspectu,

206 588 369 650 quae
417 566 498 630 ad
552 587 674 630 nos
728 587 849 630 nec
896 565 1169 630 obscuro
1225 586 1345 629 nec
1373 565 1578 630 'vario
1635 586 1955 647 sermone,
2012 565 2125 629 sed

135 674 166 722 2
206 659 272 720 et
318 655 671 720 clarissima
707 658 775 719 et
809 676 941 718 una
978 654 1267 719 omnium
1303 675 1460 718 voce
1496 653 1833 738 perfertur.
1899 651 2127 719 Unum

203 743 363 807 illud
409 744 644 827 nescio,
690 743 1061 829 gratulerne
1105 743 1228 806 tibi
1274 764 1361 806 an
1396 742 1677 827 timeam,
1725 741 1895 826 quod
1932 743 2125 806 mira-

202 832 350 897 bilis
397 838 499 897 est
544 833 935 917 exspectatio
972 832 1218 896 reditus
1253 832 1370 916 tui,
1413 853 1551 896 non
1588 854 1714 915 quo
1755 852 1995 916 verear,
2039 853 2125 895 ne

202 924 318 985 tua
371 922 576 986 virtus
634 921 926 1005 opinioni
976 921 1318 985 hominum
1369 942 1507 985 11011
1550 920 1963 1005 respondeat,
2009 920 2125 984 sed

202 1010 583 1096 mehercule,
619 1031 720 1094 ne,
763 1032 962 1094 quum
997 1009 1268 1094 veneris,
1305 1030 1442 1074 non
1476 1009 1719 1074 habeas
1754 1009 1902 1092 iam,
1949 1008 2124 1093 quod

203 1119 415 1163 cures:
468 1100 563 1164 ita
617 1101 771 1163 sunt
817 1097 1035 1163 omnia
1081 1099 1417 1162 debilitata
1470 1119 1544 1162 ac
1594 1099 1727 1163 iam
1769 1119 1971 1182 prope
2018 1119 2124 1162 ex-

204 1188 458 1252 stincta.
550 1185 675 1253 Sed
728 1187 891 1251 haec
942 1188 1086 1271 ipsa
1129 1187 1348 1251 nescio
1393 1190 1649 1251 rectene
1705 1187 1837 1251 sint
1889 1187 2123 1252 litteris

204 1278 572 1362 commissa3
619 1299 815 1361 quare
862 1280 1076 1359 cetera
1121 1297 1473 1361 cognosces
1520 1298 1599 1340 ex
1643 1276 1802 1340 aliis.
1881 1275 1981 1340 Tu
2025 1279 2125 1340 ta-

202 1389 378 1451 men,
433 1368 565 1432 sive
620 1367 821 1431 habes
870 1366 1154 1450 aliquam
1210 1387 1390 1450 spem
1436 1365 1514 1429 de
1559 1387 1629 1430 re
1682 1364 1943 1449 publica
1989 1365 2124 1430 sive

203 1456 523 1540 desperas„
569 1478 645 1520 ea
681 1478 858 1540 para,
899 1455 1232 1537 meditare,
1277 1454 1512 1540 cogita,
1560 1475 1722 1538 quae
1760 1475 1898 1519 esse
1935 1454 2007 1519 in
2043 1476 2124 1520 eo

203 1544 327 1609 civi
373 1566 449 1608 ac
491 1545 631 1613 ,viro
680 1544 934 1645 debent,
981 1544 1092 1627 qui
1138 1543 1224 1608 sit
1265 1565 1404 1608 rem
1438 1543 1765 1628 publicam
1810 1542 2125 1608 afflictam

202 1635 268 1694 et
305 1653 678 1716 oppressam
715 1632 964 1695 miseris
991 1632 1393 1716 temporibus
1435 1654 1510 1695 ac
1536 1631 1804 1717 perditis
1832 1632 2123 1698 moribus

199 1719 272 1783 in
316 1724 599 1784 veterem
645 1719 1030 1805 dignitatem
1075 1724 1142 1785 et
1184 1713 1553 1786 libertatem
1597 1720 2057 1786 vindicaturus

758 2027 871 2082 Ser.
910 2028 1123 2084 Romae
1160 2047 1211 2083 a.
1250 2047 1304 2083 u.
1343 2046 1391 2083 0.
1432 2035 1549 2084 701.

642 2151 716 2208 M.
757 2152 1015 2209 CICERO
1055 2152 1109 2209 S.
1147 2152 1215 2207 D.
1256 2151 1313 2208 C.
1355 2152 1692 2212 CURIONI.

133 2272 160 2319 1
331 2250 642 2318 Nondum
688 2257 828 2318 erat
872 2255 1164 2319 auditum
1208 2258 1274 2319 te
1322 2254 1404 2319 ad
1448 2253 1706 2319 Italiam
1753 2252 2123 2338 adventare,

201 2363 399 2425 quum
455 2340 593 2407 Sex.
649 2342 948 2426 Villium,
1002 2342 1268 2409 Milonis
1313 2342 1442 2408 mei
1506 2343 1917 2427 familiarem,
1972 2364 2122 2408 cum

198 2429 302 2494 1110
349 2430 431 2494 ad
473 2434 541 2496 te
585 2432 818 2495 litteris
863 2432 1038 2516 misi;
1085 2432 1196 2496 sed
1242 2436 1481 2515 tamen,
1528 2454 1725 2516 quum
1771 2432 2120 2516 appropin-

200 2540 397 2602 quare
441 2521 593 2584 tuus
641 2520 954 2585 adventus
1015 2523 1355 2604 putaretur
1408 2523 1476 2585 et
1532 2524 1597 2585 te
1650 2522 1782 2585 iam
1819 2525 1915 2585 ‘ex
1958 2520 2121 2585 Asia

200 2607 476 2672 Romam
511 2630 732 2673 versus
772 2608 1135 2693 profectum
1172 2631 1309 2674 esse
1347 2612 1691 2694 constaret,
1734 2609 2120 2695 magnitudo

198 2697 294 2761 rei
337 2696 509 2781 fecit,
551 2700 628 2761 ut
670 2718 808 2761 non
850 2719 1241 2781 vereremur,
1293 2719 1377 2763 ne
1421 2698 1614 2762 nimis
1661 2697 1788 2763 cito
1835 2698 2119 2763 mittere-

200 2808 369 2870 111110,
416 2807 614 2871 quum
656 2785 778 2849 has
826 2807 1018 2869 quam
1062 2785 1344 2870 primum
1397 2786 1480 2851 ad
1523 2790 1590 2851 te
1634 2787 1905 2872 perferri
1947 2787 2121 2851 litte-

200 2896 305 2938 ras
351 2895 590 2959 magno
640 2895 831 2959 opere
876 2874 1203 2940 vellemus.
1292 2875 1459 2961 Ego,
1506 2876 1561 2940 si
1605 2896 1751 2940 mea
1793 2876 1864 2940 in
1908 2878 1975 2940 te
2022 2898 2120 2940 es-

201 2965 347 3026 sent
393 2963 608 3027 officia
654 2964 881 3048 solum,
927 2960 1120 3029 Curio
1160 3001 1245 3011 —
1284 2966 1489 3048 tanta,
1535 2967 1780 3048 quanta
1823 2965 2031 3050 magis
2080 2987 2121 3029 a

199 3053 264 3113 te
309 3050 451 3133 ipso
497 3052 854 3133 praedicari
900 3074 1095 3136 quam
1139 3076 1181 3118 a
1224 3075 1326 3117 me
1371 3053 1719 3137 ponderari
1765 3053 2098 3118 solent—

200 3138 620 3202 verecundius
668 3162 707 3203 a
750 3143 842 3224 te,
890 3142 944 3205 si
990 3162 1153 3224 quae
1201 3162 1441 3227 magna
1484 3163 1587 3206 res
1632 3141 1795 3206 mihi
1836 3141 2119 3226 petenda

202 3227 388 3308 esset,
434 3227 904 3310 contenderem,
949 3248 1145 3313 grave
1192 3233 1292 3294 est
1335 3230 1509 3293 enim
1550 3230 1801 3295 homini
1845 3230 2119 3314 pudenti

341 3430 445 3499 Ep.
486 3436 535 3497 6,
570 3438 615 3483 1.
692 3432 861 3486 Curio
899 3463 966 3473 -
1002 3440 1163 3491 tanta
1200 3474 1214 3489 .
1236 3475 1251 3490 .
1273 3475 1285 3489 .
1323 3437 1496 3491 solent
1531 3468 1627 3506 -,
1661 3455 1767 3494 ver.
1808 3439 1958 3507 (W.).
2034 3437 2118 3505 0.,

201 3504 361 3554 tanta
398 3540 410 3552 .
435 3540 482 3552 ..
521 3501 707 3568 solent,
743 3518 850 3557 ver.
888 3504 1076 3575 vulgo.
