2338 3691
233 131 359 195 198
794 130 869 185 M.
907 129 1154 185 TULLII
1191 128 1573 184 CICERONIS

228 299 364 342 non
411 276 518 360 sis,
563 275 673 360 qui
716 274 936 359 fueris,
980 296 1116 340 non
1160 295 1318 359 esse,
1362 296 1477 340 cur
1520 275 1680 341 velis
1716 275 1944 340 vivere.
2019 273 2142 340 Sed

227 368 449 430 tamen
492 384 721 429 vacare
767 364 957 448 culpa
999 384 1310 449 magnum
1358 367 1458 429 est
1493 365 1815 449 solatium,
1857 385 2142 448 praeser-

227 454 349 519 tim
396 474 595 536 quum
638 452 913 516 habeam
959 452 1119 516 duas
1164 474 1296 537 res,
1341 452 1573 537 quibus
1617 475 1720 517 me
1767 456 2141 537 sustentem,

230 541 621 626 optimarum
666 540 903 605 artium
950 541 1287 605 scientiam
1341 545 1408 606 et
1459 541 1884 606 maximarum
1929 563 2141 607 rerum

228 631 529 715 gloriam,
592 652 864 715 quarum
928 631 1130 694 altera
1192 629 1354 694 mihi
1407 631 1553 695 vivo
1608 652 1966 714 numquam
2029 631 2142 695 eri·

157 729 191 781 5
226 719 459 804 pietur,
496 720 698 784 altera
737 741 820 783 ne
855 722 1111 784 mortuo
1150 719 1426 802 quidem.
1497 717 1677 784 Haec
1714 719 1794 783 ad
1822 722 1888 784 te
1919 719 2139 803 scripsi

227 808 559 874 verbosius
605 811 672 873 et
713 808 835 872 tibi
879 807 1191 873 molestus
1235 808 1361 892 fui,
1415 808 1587 892 quod
1642 810 1706 871 te
1755 829 1959 891 quum
2002 809 2145 892 mei,

225 899 370 960 tum
419 897 515 961 rei
566 896 861 982 publicae
925 896 1202 982 cognovi
1254 896 1789 961 amantissimum.
1893 895 2139 961 Notum

226 985 348 1049 tibi
404 1006 594 1050 omne
646 1007 864 1050 meum
916 985 1257 1050 consilium
1304 1007 1443 1050 esse
1488 985 1691 1070 volui,
1741 989 1818 1049 ut
1861 985 2144 1070 primum
2322 1062 2329 1075 ,

230 1074 425 1139 scires
469 1095 573 1138 me
617 1095 972 1157 numquam
1017 1074 1298 1139 voluisse
1343 1075 1491 1158 plus
1529 1095 1920 1158 quemquam
1956 1095 2144 1159 posse
2320 1082 2329 1153 1

229 1184 423 1246 quam
467 1163 833 1228 universam
869 1184 1007 1227 rem
1041 1163 1386 1247 publicam,
1429 1167 1658 1248 postea
1693 1166 1915 1228 autem
1954 1185 2144 1247 quam
2322 1162 2327 1197 ³⁵

229 1251 498 1316 alicuius
544 1253 733 1336 culpa
776 1254 1033 1316 tantum
1076 1252 1322 1317 valeret
1363 1273 1559 1336 unus,
1613 1254 1688 1316 ut
1733 1251 1967 1316 obsisti
2012 1274 2144 1317 non

106 1349 114 1358 '
226 1344 473 1425 posset,
526 1362 631 1405 me
683 1340 963 1406 voluisse
1018 1361 1270 1424 pacem3
1326 1340 1560 1406 amisso
1617 1340 1897 1405 exercitu
1958 1344 2026 1406 et
2069 1363 2141 1405 eo

227 1429 414 1514 duce,
465 1431 536 1494 in
591 1452 717 1514 quo
774 1451 920 1514 spes
972 1429 1190 1493 fuerat
1233 1450 1393 1513 uno,
1454 1451 1556 1494 me
1610 1428 1889 1494 voluisse
1950 1430 2141 1494 etiam

225 1519 487 1602 reliquis
552 1519 878 1603 omnibus,
949 1520 1295 1602 postquam
1357 1539 1494 1582 non
1555 1517 1907 1602 potuerim,
1985 1518 2140 1582 mihi

224 1606 350 1690 ipsi
393 1607 590 1670 finem
633 1607 859 1672 fecisse
904 1607 1083 1689 belli3
1128 1627 1305 1671 nunc
1342 1610 1578 1690 autem,
1622 1606 1677 1670 si
1712 1605 1872 1671 haec
1910 1607 2138 1672 civitas

226 1698 351 1778 est,
405 1695 608 1759 civem
655 1716 794 1760 esse
839 1716 968 1780 me,
1024 1695 1080 1760 si
1132 1716 1294 1779 non,
1349 1695 1630 1760 exsulem
1676 1716 1813 1759 esse
1858 1717 2004 1761 non
2046 1695 2137 1759 in-

226 1783 654 1849 commodiore
699 1784 869 1868 loco,
924 1805 1118 1868 quam
1174 1783 1230 1849 si
1273 1782 1576 1849 Rhodum
1627 1803 1725 1849 me
1779 1786 1893 1849 aut
1950 1783 2136 1869 Myti-

156 1883 189 1932 6
224 1872 405 1936 lenas
460 1872 892 1937 contulissem.
980 1872 1162 1938 Haec
1213 1876 1428 1938 tecum
1484 1894 1700 1938 coram
1754 1874 2136 1953 malueram3

226 1960 365 2043 sed,
410 1961 562 2044 quia
614 1961 873 2046 longius
918 1961 1143 2046 fiebat,
1197 1962 1373 2026 volui
1427 1983 1542 2046 per
1598 1962 1849 2027 litteras
1894 1961 2136 2044 eadem,

224 2051 300 2113 ut
340 2048 631 2133 habereS,
676 2050 828 2133 quid
867 2049 1128 2134 diceres,
1175 2051 1229 2114 si
1266 2050 1578 2134 quando
1557 2072 1629 2113 m
1666 2049 2135 2134 vituperatores

223 2158 401 2202 meos
446 2101 806 2221 incidissem
853 2141 1005 2204 sunt
1050 2138 1242 2222 enim,
1287 2139 1425 2224 qui,
1469 2161 1666 2222 quum
1711 2159 1892 2203 meus
1941 2140 2134 2202 inter·

223 2225 352 2291 itus
406 2226 571 2290 nihil
631 2226 827 2292 fuerit
887 2226 983 2292 rei
1044 2226 1339 2329 publicae
1392 2227 1794 2311 profuturus,
1849 2226 2134 2291 criminis

223 2314 365 2379 loco
410 2318 644 2399 putent
680 2338 838 2400 esse,
883 2315 1055 2399 quod
1089 2315 1322 2416 vivam,
1358 2315 1589 2399 quibus
1625 2335 1747 2416 ego
1785 2319 1963 2381 certo
2004 2314 2133 2380 scio

222 2424 358 2467 non
401 2404 610 2489 videri
659 2405 815 2471 satis
870 2406 1110 2470 multos
1154 2404 1423 2487 perisse:
1478 2403 1613 2487 qui,
1668 2403 1723 2467 si
1775 2425 1878 2468 me
1926 2403 2132 2468 audis-

224 2494 386 2576 sent,
432 2493 724 2576 quamvis
769 2493 993 2576 iniqua
1036 2513 1214 2577 pace,
1257 2492 1528 2557 honeste
1562 2495 1783 2556 tamen
1818 2493 2132 2573 viverent3

223 2581 418 2645 armis
466 2582 639 2646 enim
681 2582 1048 2665 inferiores,
1100 2601 1238 2646 non
1291 2600 1485 2645 causa
1527 2580 1821 2645 fuissent.
1910 2579 2132 2645 Habes

221 2669 564 2754 epistolam
606 2670 1040 2735 verbosiorem
1092 2669 1396 2752 fortasse,
1453 2690 1645 2752 quam
1690 2669 1914 2752 velles;
1961 2667 2131 2752 quod

220 2759 342 2823 tibi
394 2760 490 2824 ita
540 2758 743 2823 videri
796 2758 1068 2842 putabo,
1132 2757 1262 2821 nisi
1313 2757 1473 2821 mihi
1531 2756 1891 2842 longiorem
1945 2756 2130 2822 remi-

223 2848 399 2912 seris.
488 2846 653 2932 Ego,
699 2846 772 2930 si,
818 2866 981 2929 quae
1017 2845 1186 2929 volo,
1230 2846 1585 2931 expediero,
1627 2846 1806 2910 brevi
1841 2849 2130 2929 tempore

219 2937 304 3018 te,
348 2939 423 3001 ut
466 2957 673 3020 spero,
716 2934 965 2999 videbo.

363 3159 466 3232 Ep.
497 3164 558 3229 3,
586 3167 638 3218 5.
707 3161 897 3217 obsisti
931 3162 982 3216 ei
1015 3176 1129 3216 non
1158 3177 1217 3233 p.
1257 3160 1425 3232 (W.)?
