2338 3691
689 143 1209 201 EPISTOLARUM
1246 144 1367 199 XII.
1409 149 1633 200 10—12.
1987 140 2114 206 387

200 288 377 354 enim
421 291 770 375 permulta,
817 291 1048 374 quibus
1095 290 1219 355 erit
1263 289 1668 373 medendum,
1714 288 1967 352 etiamsi
2011 309 2114 352 res

199 377 664 532 putialicavsaitis
709 400 848 445 esse
894 378 1214 444 videbitur
1250 378 1593 444 sceleribus
1630 377 1917 443 hostium
1958 376 2118 442 libe-

198 489 276 532 ra
347 515 362 532 .
517 490 553 531 a
581 490 632 532 e.

1096 662 1212 728 XI.

329 774 444 830 Scr.
481 775 543 829 in
580 776 778 831 castris
816 773 1106 831 Taricheis
1141 775 1323 830 Nonis
1357 774 1577 830 Martiis
1615 791 1666 829 a.
1703 792 1757 830 u.
1794 791 1840 830 c.
1883 781 2004 830 711.

444 899 502 954 C.
541 899 832 986 CASSIUS
869 898 1164 957 PROCOS.
1205 899 1259 955 S.
1295 900 1363 954 D.
1401 900 1475 955 M.
1514 899 1870 955 CICERONI.

341 997 402 1064 S.
449 1023 507 1064 v.
553 999 614 1065 b.
662 1022 714 1065 e.
760 1022 814 1066 e.
860 1022 919 1085 q.
964 1023 1024 1066 v.
1130 999 1211 1065 In
1276 994 1529 1085 Syriam
1590 1022 1692 1064 me
1755 1000 2119 1084 profectum
2159 1015 2186 1062 1

205 1109 346 1153 esse
395 1090 556 1154 scito
604 1090 686 1154 ad
731 1089 804 1155 L.
848 1089 1147 1154 Murcum
1206 1092 1272 1154 et
1316 1088 1388 1165 Q.
1436 1087 1732 1173 Crispum
1777 1089 2119 1174 imperato-

204 1198 334 1242 res:
380 1178 502 1243 viri
545 1179 748 1244 fortes
794 1179 1146 1264 optimique
1195 1178 1364 1242 cives
1379 1227 1395 1257 ,
1440 1181 1862 1263 posteaquam
1909 1178 2123 1242 audie-

205 1269 379 1350 runt,
423 1289 588 1352 quae
632 1267 878 1332 Romae
926 1270 1320 1353 gererentur,
1365 1267 1678 1331 exercitus
1724 1267 1883 1331 mihi
1926 1267 2121 1331 tradi-

208 1355 444 1419 derunt
494 1356 743 1440 ipsique
798 1377 1051 1421 mecum
1102 1377 1236 1420 una
1287 1355 1643 1421 fortissimo
1707 1356 1923 1420 animo
1986 1377 2123 1419 rem

208 1442 533 1528 publicam
588 1445 1058 1511 administrant.
1165 1443 1334 1508 Item
1395 1445 1746 1546 legionem,
1808 1465 2004 1528 quam
2049 1443 2122 1519 Q.

209 1530 524 1598 Caecilius
570 1533 811 1599 Bassus
854 1534 1102 1619 habuit,
1148 1533 1231 1598 ad
1277 1555 1378 1598 me
1423 1534 1676 1598 venisse
1714 1533 1895 1617 scito,
1941 1536 2123 1616 quat-

208 1625 484 1706 tuorque
547 1623 862 1709 legiones,
936 1644 1094 1707 quas
1158 1620 1240 1687 A.
1302 1619 1598 1687 Allienus
1670 1643 1749 1686 ex
1818 1621 2121 1707 Aegypto

214 1708 457 1795 eduxit,
510 1712 782 1776 traditas
845 1711 928 1777 ab
984 1732 1060 1776 eo
1125 1711 1285 1775 mihi
1339 1732 1477 1776 esse
1533 1710 1711 1776 scito.
1765 1715 1995 1775 Nunc
2056 1714 2122 1775 te
2161 1725 2193 1772 2

210 1797 657 1866 cohortatione
721 1822 856 1866 non
917 1803 1075 1886 puto
1130 1798 1448 1886 indigere,
1510 1802 1586 1865 ut
1646 1821 1767 1866 nos
1822 1801 2123 1865 absentes

209 1910 472 1972 remque
537 1890 887 1974 publicam,
961 1893 1275 1974 quantum
1352 1893 1450 1954 est
1509 1892 1582 1954 in
1645 1894 1724 1968 te,
1789 1890 2125 1955 defendas:

214 1977 375 2041 scire
421 1981 485 2041 te
529 1980 678 2043 volo
722 1979 910 2043 firma
962 1977 1284 2062 praesidia
1326 1977 1510 2043 vobis
1558 1978 1935 2063 senatuique
1988 2000 2125 2043 non

208 2065 452 2149 deesse,
497 2070 572 2132 ut
615 2067 862 2151 optima
907 2088 1019 2151 spe
1058 2070 1124 2131 et
1158 2066 1437 2132 maximo
1478 2067 1694 2132 animo
1740 2088 1877 2132 rem
1915 2067 2123 2151 publi·

213 2175 357 2218 cam
421 2154 744 2220 defendas.
791 2214 800 2223 .
850 2155 1126 2240 Reliqua
1188 2158 1403 2221 tecum
1466 2158 1618 2240 aget
1679 2154 1751 2221 L.
1814 2153 2125 2239 Carteius,

210 2242 551 2396 {amililar'is
596 2265 794 2310 meua
864 2244 1047 2309 Vale.
1117 2243 1201 2310 D.
1235 2242 1445 2309 Nonis
1481 2242 1733 2309 Martiis
1775 2266 1852 2309 ex
1897 2244 2126 2309 castris

271 2353 403 2396 anc
453 2353 562 2399 e1S.
1290 2350 1293 2353 ’

1095 2524 1245 2593 XII.

536 2638 649 2694 Ser.
686 2639 749 2695 in
784 2638 982 2694 castris
1016 2638 1197 2694 Nonis
1232 2638 1398 2694 Maiis
1435 2655 1484 2694 a.
1521 2656 1577 2695 u.
1604 2656 1651 2694 c.
1687 2645 1808 2695 711.

368 2761 428 2817 0.
467 2762 759 2819 CASSIUS
795 2762 1087 2819 PROCOS.
1130 2762 1184 2819 S.
1222 2763 1287 2817 D.
1324 2762 1399 2817 M.
1439 2762 1778 2818 CICERONI
1816 2762 1969 2818 SUO.

350 2861 413 2928 S.
459 2886 517 2927 v.
562 2864 624 2928 b.
652 2885 704 2928 e.
741 2885 794 2928 e.
833 2885 892 2947 q.
918 2885 976 2927 v.
1066 2862 1230 2949 Legi
1272 2866 1419 2927 tuas
1465 2863 1733 2949 litteras,
1773 2863 1846 2928 in
1892 2862 2126 2947 quibus
2165 2877 2193 2925 1

209 2952 557 3017 mirificum
600 2955 785 3017 tuum
841 2972 996 3037 erga
1039 2973 1143 3017 me
1189 2972 1474 3017 amorem
1526 2952 1899 3037 recognovi3
1956 2952 2128 3017 vide·

208 3041 390 3106 baris
436 3041 608 3105 enim
654 3063 790 3107 non
836 3041 1043 3106 solum
1089 3041 1305 3105 favere
1350 3040 1539 3105 nobis
1583 3076 1672 3087 —-·
1715 3040 1782 3105 id
1836 3042 2008 3125 quod
2063 3046 2129 3106 et

210 3133 442 3195 nostra
488 3133 553 3194 et
596 3130 690 3194 rei
733 3130 1028 3214 publicae
1075 3150 1271 3194 causa
1317 3150 1566 3213 semper
1608 3128 1823 3193 fecisti
1864 3166 1971 3214 —,
2016 3130 2128 3195 sed

211 3220 412 3283 etiam
456 3239 721 3304 gravem
767 3240 987 3284 curam
1025 3218 1378 3301 suscepisse
1417 3217 1952 3301 vehementerque
1989 3239 2128 3282 esse

356 3429 461 3499 Ep.
515 3435 575 3483 11
592 3471 606 3497 ,
645 3435 694 3482 2.
766 3430 1085 3499 senatuique
1137 3440 1252 3483 mm
1305 3428 1478 3481 deesse
1533 3425 1678 3493 (edd.
1715 3426 1878 3491 vett„
1917 3423 2125 3500 vulgo).

207 3517 253 3557 8.
293 3502 442 3556 desse
477 3500 551 3555 M.
622 3515 665 3555 ε.
705 3501 888 3555 adesse
920 3500 982 3555 B.

1596 3582 1704 3635 25*
