<?xml version="1.0" encoding="UTF-8"?>
<!DOCTYPE html PUBLIC "-//W3C//DTD XHTML 1.0 Transitional//EN"
    "http://www.w3.org/TR/xhtml1/DTD/xhtml1-transitional.dtd">
<html xmlns="http://www.w3.org/1999/xhtml" xml:lang="en" lang="en">
 <head>
  <title>
</title>
<meta http-equiv="Content-Type" content="text/html;charset=utf-8" />
  <meta name='ocr-system' content='tesseract 3.04.00' />
  <meta name='ocr-capabilities' content='ocr_page ocr_carea ocr_par ocr_line ocrx_word'/>
</head>
<body>
  <div class='ocr_page' id='page_1' title='image "./scriptaquaemans02wesegoog_0352.png"; bbox 0 0 2338 3691; ppageno 0'>
   <div class='ocr_carea' id='block_1_1' title="bbox 263 74 1607 188">
    <p class='ocr_par' dir='ltr' id='par_1_1' title="bbox 263 74 1607 188">
     <span class='ocr_line' id='line_1_1' title="bbox 263 74 1607 188; baseline -0.01 1"><span class='ocrx_word' id='word_1_1' title='bbox 263 123 392 188; x_wconf 83' lang='grc'>336</span> <span class='ocrx_word' id='word_1_2' title='bbox 827 123 901 178; x_wconf 84' lang='grc' dir='ltr'>Μ.</span> <span class='ocrx_word' id='word_1_3' title='bbox 941 74 1187 177; x_wconf 71' lang='lat' dir='ltr'>TULLII</span> <span class='ocrx_word' id='word_1_4' title='bbox 1225 121 1607 177; x_wconf 85' lang='lat' dir='ltr'>CICERONIS</span> 
     </span>
    </p>
   </div>
   <div class='ocr_carea' id='block_1_2' title="bbox 184 266 2180 3368">
    <p class='ocr_par' dir='ltr' id='par_1_2' title="bbox 184 266 2180 3368">
     <span class='ocr_line' id='line_1_2' title="bbox 259 266 2171 354; baseline 0 -20"><span class='ocrx_word' id='word_1_5' title='bbox 259 269 512 354; x_wconf 90' lang='lat' dir='ltr'>habuit,</span> <span class='ocrx_word' id='word_1_6' title='bbox 577 269 769 333; x_wconf 79' lang='lat' dir='ltr'>dilexi</span> <span class='ocrx_word' id='word_1_7' title='bbox 828 290 1078 333; x_wconf 88' lang='lat' dir='ltr'>summa</span> <span class='ocrx_word' id='word_1_8' title='bbox 1141 288 1288 333; x_wconf 91' lang='lat' dir='ltr'>cum</span> <span class='ocrx_word' id='word_1_9' title='bbox 1341 267 1581 352; x_wconf 87' lang='lat' dir='ltr'>pietate</span> <span class='ocrx_word' id='word_1_10' title='bbox 1637 271 1704 332; x_wconf 89' lang='lat' dir='ltr'>et</span> <span class='ocrx_word' id='word_1_11' title='bbox 1754 267 1899 333; x_wconf 86' lang='lat' dir='ltr'>fide.</span> <span class='ocrx_word' id='word_1_12' title='bbox 2001 266 2171 344; x_wconf 84' lang='lat' dir='ltr'>Quae</span> 
     </span>
     <span class='ocr_line' id='line_1_3' title="bbox 258 356 2172 442; baseline -0.001 -19"><span class='ocrx_word' id='word_1_13' title='bbox 258 379 403 423; x_wconf 91' lang='lat' dir='ltr'>mea</span> <span class='ocrx_word' id='word_1_14' title='bbox 449 357 776 422; x_wconf 90' lang='lat' dir='ltr'>sententia</span> <span class='ocrx_word' id='word_1_15' title='bbox 818 378 1038 442; x_wconf 83' lang='lat' dir='ltr'>gerere</span> <span class='ocrx_word' id='word_1_16' title='bbox 1085 356 1245 421; x_wconf 91' lang='lat' dir='ltr'>mihi</span> <span class='ocrx_word' id='word_1_17' title='bbox 1289 357 1497 441; x_wconf 89' lang='lat' dir='ltr'>licuit,</span> <span class='ocrx_word' id='word_1_18' title='bbox 1551 357 1646 420; x_wconf 88' lang='lat' dir='ltr'>ita</span> <span class='ocrx_word' id='word_1_19' title='bbox 1689 357 1841 441; x_wconf 87' lang='lat' dir='ltr'>feci,</span> <span class='ocrx_word' id='word_1_20' title='bbox 1896 359 1971 422; x_wconf 91' lang='lat' dir='ltr'>ut</span> <span class='ocrx_word' id='word_1_21' title='bbox 2017 357 2172 440; x_wconf 89' lang='lat' dir='ltr'>opti-</span> 
     </span>
     <span class='ocr_line' id='line_1_4' title="bbox 259 444 2173 530; baseline -0.001 -19"><span class='ocrx_word' id='word_1_22' title='bbox 259 469 402 511; x_wconf 88' lang='lat' dir='ltr'>mus</span> <span class='ocrx_word' id='word_1_23' title='bbox 460 447 728 530; x_wconf 91' lang='lat' dir='ltr'>quisque</span> <span class='ocrx_word' id='word_1_24' title='bbox 792 446 1065 510; x_wconf 84' lang='lat' dir='ltr'>maxime</span> <span class='ocrx_word' id='word_1_25' title='bbox 1129 446 1449 530; x_wconf 80' lang='lat' dir='ltr'>probarit3</span> <span class='ocrx_word' id='word_1_26' title='bbox 1514 444 1687 529; x_wconf 89' lang='lat' dir='ltr'>quod</span> <span class='ocrx_word' id='word_1_27' title='bbox 1748 445 1961 510; x_wconf 89' lang='lat' dir='ltr'>iussus</span> <span class='ocrx_word' id='word_1_28' title='bbox 2019 467 2173 530; x_wconf 84' lang='lat' dir='ltr'>sum,</span> 
     </span>
     <span class='ocr_line' id='line_1_5' title="bbox 259 533 2172 620; baseline -0.001 -20"><span class='ocrx_word' id='word_1_29' title='bbox 259 557 336 601; x_wconf 92' lang='lat' dir='ltr'>eo</span> <span class='ocrx_word' id='word_1_30' title='bbox 381 539 671 619; x_wconf 91' lang='lat' dir='ltr'>tempore</span> <span class='ocrx_word' id='word_1_31' title='bbox 718 538 911 620; x_wconf 90' lang='lat' dir='ltr'>atque</span> <span class='ocrx_word' id='word_1_32' title='bbox 956 535 1049 598; x_wconf 88' lang='lat' dir='ltr'>ita</span> <span class='ocrx_word' id='word_1_33' title='bbox 1092 534 1246 618; x_wconf 89' lang='lat' dir='ltr'>feci,</span> <span class='ocrx_word' id='word_1_34' title='bbox 1299 537 1375 601; x_wconf 92' lang='lat' dir='ltr'>ut</span> <span class='ocrx_word' id='word_1_35' title='bbox 1419 536 1759 618; x_wconf 73' lang='lat' dir='ltr'>appareret</span> <span class='ocrx_word' id='word_1_36' title='bbox 1810 533 2016 600; x_wconf 83' lang='lat' dir='ltr'>invito</span> <span class='ocrx_word' id='word_1_37' title='bbox 2062 535 2172 599; x_wconf 90' lang='lat' dir='ltr'>im-</span> 
     </span>
     <span class='ocr_line' id='line_1_6' title="bbox 259 620 2171 709; baseline -0.001 -21"><span class='ocrx_word' id='word_1_38' title='bbox 259 628 558 709; x_wconf 86' lang='lat' dir='ltr'>peratum</span> <span class='ocrx_word' id='word_1_39' title='bbox 604 645 759 688; x_wconf 88' lang='lat' dir='ltr'>esse.</span> <span class='ocrx_word' id='word_1_40' title='bbox 833 620 1031 688; x_wconf 90' lang='lat' dir='ltr'>Cuius</span> <span class='ocrx_word' id='word_1_41' title='bbox 1078 624 1238 689; x_wconf 88' lang='lat' dir='ltr'>facti</span> <span class='ocrx_word' id='word_1_42' title='bbox 1282 623 1705 689; x_wconf 88' lang='lat' dir='ltr'>iniustissima</span> <span class='ocrx_word' id='word_1_43' title='bbox 1749 623 1995 688; x_wconf 86' lang='lat' dir='ltr'>invidia</span> <span class='ocrx_word' id='word_1_44' title='bbox 2040 644 2171 688; x_wconf 91' lang='lat' dir='ltr'>eru-</span> 
     </span>
     <span class='ocr_line' id='line_1_7' title="bbox 262 712 2172 797; baseline 0 -21"><span class='ocrx_word' id='word_1_45' title='bbox 262 713 395 778; x_wconf 87' lang='lat' dir='ltr'>dire</span> <span class='ocrx_word' id='word_1_46' title='bbox 441 735 543 777; x_wconf 90' lang='lat' dir='ltr'>me</span> <span class='ocrx_word' id='word_1_47' title='bbox 590 713 820 797; x_wconf 90' lang='lat' dir='ltr'>potuit,</span> <span class='ocrx_word' id='word_1_48' title='bbox 867 735 1055 797; x_wconf 86' lang='lat' dir='ltr'>quam</span> <span class='ocrx_word' id='word_1_49' title='bbox 1101 713 1383 777; x_wconf 89' lang='lat' dir='ltr'>iucunda</span> <span class='ocrx_word' id='word_1_50' title='bbox 1426 712 1689 789; x_wconf 88' lang='lat' dir='ltr'>libertas</span> <span class='ocrx_word' id='word_1_51' title='bbox 1727 714 1794 776; x_wconf 89' lang='lat' dir='ltr'>et</span> <span class='ocrx_word' id='word_1_52' title='bbox 1830 733 2025 795; x_wconf 93' lang='lat' dir='ltr'>quam</span> <span class='ocrx_word' id='word_1_53' title='bbox 2061 713 2172 776; x_wconf 90' lang='lat' dir='ltr'>mi-</span> 
     </span>
     <span class='ocr_line' id='line_1_8' title="bbox 262 799 2171 886; baseline -0.001 -20"><span class='ocrx_word' id='word_1_54' title='bbox 262 824 405 866; x_wconf 88' lang='lat' dir='ltr'>sera</span> <span class='ocrx_word' id='word_1_55' title='bbox 448 802 567 867; x_wconf 92' lang='lat' dir='ltr'>sub</span> <span class='ocrx_word' id='word_1_56' title='bbox 616 802 1054 867; x_wconf 76' lang='lat' dir='ltr'>dominatione</span> <span class='ocrx_word' id='word_1_57' title='bbox 1100 801 1237 866; x_wconf 87' lang='lat' dir='ltr'>vita</span> <span class='ocrx_word' id='word_1_58' title='bbox 1282 804 1466 866; x_wconf 87' lang='lat' dir='ltr'>esset.</span> <span class='ocrx_word' id='word_1_59' title='bbox 1555 799 1684 885; x_wconf 89' lang='lat' dir='ltr'>Ita,</span> <span class='ocrx_word' id='word_1_60' title='bbox 1731 801 1787 867; x_wconf 90' lang='lat' dir='ltr'>si</span> <span class='ocrx_word' id='word_1_61' title='bbox 1830 800 1897 865; x_wconf 90' lang='lat' dir='ltr'>id</span> <span class='ocrx_word' id='word_1_62' title='bbox 1944 801 2171 886; x_wconf 84' lang='lat' dir='ltr'>agitur,</span> 
     </span>
     <span class='ocr_line' id='line_1_9' title="bbox 260 889 2172 975; baseline -0.002 -18"><span class='ocrx_word' id='word_1_63' title='bbox 260 894 335 957; x_wconf 90' lang='lat' dir='ltr'>ut</span> <span class='ocrx_word' id='word_1_64' title='bbox 377 913 600 956; x_wconf 91' lang='lat' dir='ltr'>rursus</span> <span class='ocrx_word' id='word_1_65' title='bbox 642 891 716 955; x_wconf 91' lang='lat' dir='ltr'>in</span> <span class='ocrx_word' id='word_1_66' title='bbox 750 894 1074 975; x_wconf 75' lang='lat' dir='ltr'>potestate</span> <span class='ocrx_word' id='word_1_67' title='bbox 1113 890 1333 955; x_wconf 91' lang='lat' dir='ltr'>omnia</span> <span class='ocrx_word' id='word_1_68' title='bbox 1369 890 1558 955; x_wconf 91' lang='lat' dir='ltr'>unius</span> <span class='ocrx_word' id='word_1_69' title='bbox 1599 889 1747 974; x_wconf 90' lang='lat' dir='ltr'>sint,</span> <span class='ocrx_word' id='word_1_70' title='bbox 1793 890 2172 974; x_wconf 83' lang='lat' dir='ltr'>quicumque</span> 
     </span>
     <span class='ocr_line' id='line_1_10' title="bbox 259 979 2174 1065; baseline -0.001 -20"><span class='ocrx_word' id='word_1_71' title='bbox 259 981 314 1045; x_wconf 91' lang='lat' dir='ltr'>is</span> <span class='ocrx_word' id='word_1_72' title='bbox 362 983 477 1065; x_wconf 89' lang='lat' dir='ltr'>est,</span> <span class='ocrx_word' id='word_1_73' title='bbox 524 979 582 1044; x_wconf 93' lang='lat' dir='ltr'>ei</span> <span class='ocrx_word' id='word_1_74' title='bbox 626 1001 731 1044; x_wconf 90' lang='lat' dir='ltr'>me</span> <span class='ocrx_word' id='word_1_75' title='bbox 774 980 1082 1064; x_wconf 89' lang='lat' dir='ltr'>profiteor</span> <span class='ocrx_word' id='word_1_76' title='bbox 1127 979 1478 1063; x_wconf 91' lang='lat' dir='ltr'>inimicum,</span> <span class='ocrx_word' id='word_1_77' title='bbox 1521 1000 1641 1043; x_wconf 93' lang='lat' dir='ltr'>nec</span> <span class='ocrx_word' id='word_1_78' title='bbox 1676 979 2034 1063; x_wconf 87' lang='lat' dir='ltr'>periculum</span> <span class='ocrx_word' id='word_1_79' title='bbox 2079 983 2174 1044; x_wconf 89' lang='lat' dir='ltr'>est</span> 
     </span>
     <span class='ocr_line' id='line_1_11' title="bbox 259 1067 2172 1153; baseline -0.001 -19"><span class='ocrx_word' id='word_1_80' title='bbox 259 1070 481 1152; x_wconf 89' lang='lat' dir='ltr'>ullum,</span> <span class='ocrx_word' id='word_1_81' title='bbox 527 1069 698 1152; x_wconf 93' lang='lat' dir='ltr'>quod</span> <span class='ocrx_word' id='word_1_82' title='bbox 743 1091 863 1152; x_wconf 92' lang='lat' dir='ltr'>pro</span> <span class='ocrx_word' id='word_1_83' title='bbox 910 1068 1209 1133; x_wconf 87' lang='lat' dir='ltr'>libertate</span> <span class='ocrx_word' id='word_1_84' title='bbox 1265 1071 1380 1133; x_wconf 87' lang='lat' dir='ltr'>aut</span> <span class='ocrx_word' id='word_1_85' title='bbox 1422 1067 1743 1153; x_wconf 86' lang='lat' dir='ltr'>refugiam</span> <span class='ocrx_word' id='word_1_86' title='bbox 1797 1070 1912 1133; x_wconf 91' lang='lat' dir='ltr'>aut</span> <span class='ocrx_word' id='word_1_87' title='bbox 1957 1068 2172 1153; x_wconf 90' lang='lat' dir='ltr'>depre-</span> 
     </span>
     <span class='ocr_line' id='line_1_12' title="bbox 189 1157 2172 1240; baseline 0.002 -22"><span class='ocrx_word' id='word_1_88' title='bbox 189 1170 223 1217; x_wconf 82' lang='lat'>4</span> <span class='ocrx_word' id='word_1_89' title='bbox 262 1180 391 1240; x_wconf 85' lang='lat' dir='ltr'>cer3</span> <span class='ocrx_word' id='word_1_90' title='bbox 439 1157 549 1222; x_wconf 91' lang='lat' dir='ltr'>sed</span> <span class='ocrx_word' id='word_1_91' title='bbox 597 1159 891 1223; x_wconf 89' lang='lat' dir='ltr'>consules</span> <span class='ocrx_word' id='word_1_92' title='bbox 937 1179 1146 1240; x_wconf 93' lang='lat' dir='ltr'>neque</span> <span class='ocrx_word' id='word_1_93' title='bbox 1194 1160 1457 1222; x_wconf 89' lang='lat' dir='ltr'>senatus</span> <span class='ocrx_word' id='word_1_94' title='bbox 1495 1157 1791 1222; x_wconf 92' lang='lat' dir='ltr'>consulto</span> <span class='ocrx_word' id='word_1_95' title='bbox 1828 1178 2037 1240; x_wconf 91' lang='lat' dir='ltr'>neque</span> <span class='ocrx_word' id='word_1_96' title='bbox 2073 1158 2172 1221; x_wconf 89' lang='lat' dir='ltr'>lit-</span> 
     </span>
     <span class='ocr_line' id='line_1_13' title="bbox 259 1245 2174 1332; baseline 0 -21"><span class='ocrx_word' id='word_1_97' title='bbox 259 1248 413 1311; x_wconf 84' lang='lat' dir='ltr'>teris</span> <span class='ocrx_word' id='word_1_98' title='bbox 478 1247 611 1312; x_wconf 89' lang='lat' dir='ltr'>suis</span> <span class='ocrx_word' id='word_1_99' title='bbox 673 1249 1136 1332; x_wconf 83' lang='lat' dir='ltr'>praeceperant</span> <span class='ocrx_word' id='word_1_100' title='bbox 1180 1246 1367 1330; x_wconf 91' lang='lat' dir='ltr'>mihi,</span> <span class='ocrx_word' id='word_1_101' title='bbox 1432 1246 1584 1330; x_wconf 90' lang='lat' dir='ltr'>quid</span> <span class='ocrx_word' id='word_1_102' title='bbox 1645 1245 1957 1328; x_wconf 83' lang='lat' dir='ltr'>facerem3</span> <span class='ocrx_word' id='word_1_103' title='bbox 2012 1268 2174 1311; x_wconf 88' lang='lat' dir='ltr'>unas</span> 
     </span>
     <span class='ocr_line' id='line_1_14' title="bbox 259 1333 2173 1421; baseline -0.001 -20"><span class='ocrx_word' id='word_1_104' title='bbox 259 1337 432 1401; x_wconf 91' lang='lat' dir='ltr'>enim</span> <span class='ocrx_word' id='word_1_105' title='bbox 495 1339 645 1421; x_wconf 90' lang='lat' dir='ltr'>post</span> <span class='ocrx_word' id='word_1_106' title='bbox 707 1334 860 1400; x_wconf 89' lang='lat' dir='ltr'>Idus</span> <span class='ocrx_word' id='word_1_107' title='bbox 915 1334 1186 1400; x_wconf 88' lang='lat' dir='ltr'>Martias</span> <span class='ocrx_word' id='word_1_108' title='bbox 1242 1335 1498 1400; x_wconf 88' lang='lat' dir='ltr'>demum</span> <span class='ocrx_word' id='word_1_109' title='bbox 1553 1356 1593 1400; x_wconf 91' lang='lat' dir='ltr'>a</span> <span class='ocrx_word' id='word_1_110' title='bbox 1650 1333 1865 1399; x_wconf 86' lang='lat' dir='ltr'>Pansa</span> <span class='ocrx_word' id='word_1_111' title='bbox 1926 1335 2173 1400; x_wconf 87' lang='lat' dir='ltr'>litteras</span> 
     </span>
     <span class='ocr_line' id='line_1_15' title="bbox 260 1424 2170 1510; baseline -0.001 -20"><span class='ocrx_word' id='word_1_112' title='bbox 260 1425 504 1510; x_wconf 91' lang='lat' dir='ltr'>accepi,</span> <span class='ocrx_word' id='word_1_113' title='bbox 556 1426 628 1490; x_wconf 92' lang='lat' dir='ltr'>in</span> <span class='ocrx_word' id='word_1_114' title='bbox 674 1425 905 1509; x_wconf 91' lang='lat' dir='ltr'>quibus</span> <span class='ocrx_word' id='word_1_115' title='bbox 950 1425 1251 1490; x_wconf 89' lang='lat' dir='ltr'>hortatur</span> <span class='ocrx_word' id='word_1_116' title='bbox 1294 1446 1424 1508; x_wconf 88' lang='lat' dir='ltr'>me,</span> <span class='ocrx_word' id='word_1_117' title='bbox 1479 1426 1554 1488; x_wconf 95' lang='lat' dir='ltr'>ut</span> <span class='ocrx_word' id='word_1_118' title='bbox 1598 1424 1852 1489; x_wconf 90' lang='lat' dir='ltr'>senatui</span> <span class='ocrx_word' id='word_1_119' title='bbox 1898 1424 2170 1488; x_wconf 88' lang='lat' dir='ltr'>scribam</span> 
     </span>
     <span class='ocr_line' id='line_1_16' title="bbox 259 1512 2173 1599; baseline -0.001 -20"><span class='ocrx_word' id='word_1_120' title='bbox 259 1537 360 1579; x_wconf 89' lang='lat' dir='ltr'>me</span> <span class='ocrx_word' id='word_1_121' title='bbox 407 1519 472 1579; x_wconf 91' lang='lat' dir='ltr'>et</span> <span class='ocrx_word' id='word_1_122' title='bbox 526 1515 874 1578; x_wconf 89' lang='lat' dir='ltr'>exercitum</span> <span class='ocrx_word' id='word_1_123' title='bbox 926 1513 997 1578; x_wconf 92' lang='lat' dir='ltr'>in</span> <span class='ocrx_word' id='word_1_124' title='bbox 1042 1516 1364 1599; x_wconf 88' lang='lat' dir='ltr'>potestate</span> <span class='ocrx_word' id='word_1_125' title='bbox 1420 1513 1555 1577; x_wconf 92' lang='lat' dir='ltr'>eius</span> <span class='ocrx_word' id='word_1_126' title='bbox 1613 1512 1927 1577; x_wconf 86' lang='lat' dir='ltr'>futurum:</span> <span class='ocrx_word' id='word_1_127' title='bbox 1985 1513 2173 1597; x_wconf 92' lang='lat' dir='ltr'>quod,</span> 
     </span>
     <span class='ocr_line' id='line_1_17' title="bbox 260 1602 2173 1688; baseline -0.001 -20"><span class='ocrx_word' id='word_1_128' title='bbox 260 1626 458 1688; x_wconf 90' lang='lat' dir='ltr'>quum</span> <span class='ocrx_word' id='word_1_129' title='bbox 521 1603 798 1687; x_wconf 89' lang='lat' dir='ltr'>Lepidus</span> <span class='ocrx_word' id='word_1_130' title='bbox 864 1603 1357 1668; x_wconf 80' lang='lat' dir='ltr'>concionaretur</span> <span class='ocrx_word' id='word_1_131' title='bbox 1420 1605 1611 1686; x_wconf 88' lang='lat' dir='ltr'>atque</span> <span class='ocrx_word' id='word_1_132' title='bbox 1668 1602 1967 1667; x_wconf 91' lang='lat' dir='ltr'>omnibus</span> <span class='ocrx_word' id='word_1_133' title='bbox 2025 1603 2173 1667; x_wconf 92' lang='lat' dir='ltr'>scri-</span> 
     </span>
     <span class='ocr_line' id='line_1_18' title="bbox 257 1691 2173 1774; baseline 0 -18"><span class='ocrx_word' id='word_1_134' title='bbox 257 1693 439 1756; x_wconf 85' lang='lat' dir='ltr'>beret</span> <span class='ocrx_word' id='word_1_135' title='bbox 493 1713 559 1756; x_wconf 93' lang='lat' dir='ltr'>se</span> <span class='ocrx_word' id='word_1_136' title='bbox 616 1692 980 1756; x_wconf 91' lang='lat' dir='ltr'>consentire</span> <span class='ocrx_word' id='word_1_137' title='bbox 1036 1714 1183 1757; x_wconf 90' lang='lat' dir='ltr'>cum</span> <span class='ocrx_word' id='word_1_138' title='bbox 1228 1691 1544 1774; x_wconf 89' lang='lat' dir='ltr'>Antonio,</span> <span class='ocrx_word' id='word_1_139' title='bbox 1600 1691 1874 1756; x_wconf 84' lang='lat' dir='ltr'>maxime</span> <span class='ocrx_word' id='word_1_140' title='bbox 1921 1696 2173 1756; x_wconf 88' lang='lat' dir='ltr'>contra·</span> 
     </span>
     <span class='ocr_line' id='line_1_19' title="bbox 257 1780 2175 1865; baseline 0.001 -22"><span class='ocrx_word' id='word_1_141' title='bbox 257 1782 425 1844; x_wconf 89' lang='lat' dir='ltr'>rium</span> <span class='ocrx_word' id='word_1_142' title='bbox 469 1780 620 1864; x_wconf 83' lang='lat' dir='ltr'>fuit3</span> <span class='ocrx_word' id='word_1_143' title='bbox 666 1803 819 1845; x_wconf 87' lang='lat' dir='ltr'>nam</span> <span class='ocrx_word' id='word_1_144' title='bbox 866 1781 1096 1865; x_wconf 91' lang='lat' dir='ltr'>quibus</span> <span class='ocrx_word' id='word_1_145' title='bbox 1145 1780 1609 1847; x_wconf 88' lang='lat' dir='ltr'>commeatibus</span> <span class='ocrx_word' id='word_1_146' title='bbox 1647 1780 1852 1847; x_wconf 87' lang='lat' dir='ltr'>invito</span> <span class='ocrx_word' id='word_1_147' title='bbox 1899 1780 2012 1844; x_wconf 92' lang='lat' dir='ltr'>illo</span> <span class='ocrx_word' id='word_1_148' title='bbox 2061 1802 2175 1865; x_wconf 90' lang='lat' dir='ltr'>per</span> 
     </span>
     <span class='ocr_line' id='line_1_20' title="bbox 260 1868 2175 1956; baseline 0.001 -23"><span class='ocrx_word' id='word_1_149' title='bbox 260 1870 432 1934; x_wconf 89' lang='lat' dir='ltr'>illius</span> <span class='ocrx_word' id='word_1_150' title='bbox 478 1870 877 1952; x_wconf 83' lang='lat' dir='ltr'>provinciam</span> <span class='ocrx_word' id='word_1_151' title='bbox 921 1871 1212 1956; x_wconf 84' lang='lat' dir='ltr'>legiones</span> <span class='ocrx_word' id='word_1_152' title='bbox 1261 1868 1600 1935; x_wconf 78' lang='lat' dir='ltr'>ducerem?</span> <span class='ocrx_word' id='word_1_153' title='bbox 1658 1874 1796 1954; x_wconf 87' lang='lat' dir='ltr'>aut,</span> <span class='ocrx_word' id='word_1_154' title='bbox 1851 1870 1906 1935; x_wconf 89' lang='lat' dir='ltr'>si</span> <span class='ocrx_word' id='word_1_155' title='bbox 1961 1873 2175 1935; x_wconf 88' lang='lat' dir='ltr'>cetera</span> 
     </span>
     <span class='ocr_line' id='line_1_21' title="bbox 256 1958 2175 2044; baseline 0.001 -22"><span class='ocrx_word' id='word_1_156' title='bbox 256 1958 659 2042; x_wconf 86' lang='lat' dir='ltr'>transissem,</span> <span class='ocrx_word' id='word_1_157' title='bbox 713 1981 871 2023; x_wconf 91' lang='lat' dir='ltr'>num</span> <span class='ocrx_word' id='word_1_158' title='bbox 926 1960 1121 2024; x_wconf 90' lang='lat' dir='ltr'>etiam</span> <span class='ocrx_word' id='word_1_159' title='bbox 1165 1958 1369 2043; x_wconf 90' lang='lat' dir='ltr'>Alpes</span> <span class='ocrx_word' id='word_1_160' title='bbox 1414 1961 1707 2044; x_wconf 91' lang='lat' dir='ltr'>poteram</span> <span class='ocrx_word' id='word_1_161' title='bbox 1753 1960 2175 2044; x_wconf 84' lang='lat' dir='ltr'>transvolare,</span> 
     </span>
     <span class='ocr_line' id='line_1_22' title="bbox 258 2046 2173 2132; baseline 0 -21"><span class='ocrx_word' id='word_1_162' title='bbox 258 2069 421 2131; x_wconf 91' lang='lat' dir='ltr'>quae</span> <span class='ocrx_word' id='word_1_163' title='bbox 467 2047 786 2131; x_wconf 90' lang='lat' dir='ltr'>praesidio</span> <span class='ocrx_word' id='word_1_164' title='bbox 833 2048 1005 2112; x_wconf 90' lang='lat' dir='ltr'>illius</span> <span class='ocrx_word' id='word_1_165' title='bbox 1052 2047 1398 2113; x_wconf 79' lang='lat' dir='ltr'>tenentur?</span> <span class='ocrx_word' id='word_1_166' title='bbox 1445 2046 1606 2113; x_wconf 91' lang='lat' dir='ltr'>adde</span> <span class='ocrx_word' id='word_1_167' title='bbox 1642 2047 1786 2132; x_wconf 89' lang='lat' dir='ltr'>huc,</span> <span class='ocrx_word' id='word_1_168' title='bbox 1825 2048 1996 2131; x_wconf 93' lang='lat' dir='ltr'>quod</span> <span class='ocrx_word' id='word_1_169' title='bbox 2033 2069 2173 2132; x_wconf 82' lang='lat' dir='ltr'>per-</span> 
     </span>
     <span class='ocr_line' id='line_1_23' title="bbox 256 2136 2173 2221; baseline 0 -21"><span class='ocrx_word' id='word_1_170' title='bbox 256 2136 410 2201; x_wconf 86' lang='lat' dir='ltr'>ferri</span> <span class='ocrx_word' id='word_1_171' title='bbox 464 2136 719 2201; x_wconf 86' lang='lat' dir='ltr'>litterae</span> <span class='ocrx_word' id='word_1_172' title='bbox 773 2137 953 2200; x_wconf 90' lang='lat' dir='ltr'>nulla</span> <span class='ocrx_word' id='word_1_173' title='bbox 998 2137 1375 2202; x_wconf 89' lang='lat' dir='ltr'>condicione</span> <span class='ocrx_word' id='word_1_174' title='bbox 1419 2140 1799 2221; x_wconf 82' lang='lat' dir='ltr'>potuerunt3</span> <span class='ocrx_word' id='word_1_175' title='bbox 1855 2136 2173 2201; x_wconf 87' lang='lat' dir='ltr'>sexcentis</span> 
     </span>
     <span class='ocr_line' id='line_1_24' title="bbox 258 2225 2173 2309; baseline 0.001 -20"><span class='ocrx_word' id='word_1_176' title='bbox 258 2226 430 2289; x_wconf 88' lang='lat' dir='ltr'>enim</span> <span class='ocrx_word' id='word_1_177' title='bbox 474 2226 633 2291; x_wconf 90' lang='lat' dir='ltr'>locis</span> <span class='ocrx_word' id='word_1_178' title='bbox 681 2225 1115 2309; x_wconf 86' lang='lat' dir='ltr'>excutiuntur,</span> <span class='ocrx_word' id='word_1_179' title='bbox 1166 2225 1395 2290; x_wconf 90' lang='lat' dir='ltr'>deinde</span> <span class='ocrx_word' id='word_1_180' title='bbox 1442 2226 1637 2289; x_wconf 88' lang='lat' dir='ltr'>etiam</span> <span class='ocrx_word' id='word_1_181' title='bbox 1681 2225 2044 2290; x_wconf 90' lang='lat' dir='ltr'>retinentur</span> <span class='ocrx_word' id='word_1_182' title='bbox 2089 2226 2173 2290; x_wconf 89' lang='lat' dir='ltr'>ab</span> 
     </span>
     <span class='ocr_line' id='line_1_25' title="bbox 186 2312 2174 2398; baseline 0.004 -26"><span class='ocrx_word' id='word_1_183' title='bbox 186 2323 217 2372; x_wconf 84' lang='lat'>5</span> <span class='ocrx_word' id='word_1_184' title='bbox 257 2313 502 2398; x_wconf 90' lang='lat' dir='ltr'>Lepido</span> <span class='ocrx_word' id='word_1_185' title='bbox 548 2314 885 2379; x_wconf 87' lang='lat' dir='ltr'>tabellarii.</span> <span class='ocrx_word' id='word_1_186' title='bbox 961 2313 1128 2380; x_wconf 93' lang='lat' dir='ltr'>Illud</span> <span class='ocrx_word' id='word_1_187' title='bbox 1175 2336 1277 2378; x_wconf 89' lang='lat' dir='ltr'>me</span> <span class='ocrx_word' id='word_1_188' title='bbox 1325 2312 1660 2379; x_wconf 83' lang='lat' dir='ltr'>Cordubae</span> <span class='ocrx_word' id='word_1_189' title='bbox 1704 2335 1823 2398; x_wconf 86' lang='lat' dir='ltr'>pro</span> <span class='ocrx_word' id='word_1_190' title='bbox 1862 2314 2174 2380; x_wconf 90' lang='lat' dir='ltr'>concione</span> 
     </span>
     <span class='ocr_line' id='line_1_26' title="bbox 255 2402 2176 2487; baseline 0.001 -21"><span class='ocrx_word' id='word_1_191' title='bbox 255 2402 489 2467; x_wconf 86' lang='lat' dir='ltr'>dixisse</span> <span class='ocrx_word' id='word_1_192' title='bbox 552 2425 743 2469; x_wconf 90' lang='lat' dir='ltr'>nemo</span> <span class='ocrx_word' id='word_1_193' title='bbox 806 2403 1065 2468; x_wconf 84' lang='lat' dir='ltr'>vocabit</span> <span class='ocrx_word' id='word_1_194' title='bbox 1126 2404 1197 2467; x_wconf 91' lang='lat' dir='ltr'>in</span> <span class='ocrx_word' id='word_1_195' title='bbox 1253 2403 1545 2487; x_wconf 90' lang='lat' dir='ltr'>dubium,</span> <span class='ocrx_word' id='word_1_196' title='bbox 1607 2403 2005 2487; x_wconf 85' lang='lat' dir='ltr'>provinciam</span> <span class='ocrx_word' id='word_1_197' title='bbox 2070 2425 2176 2468; x_wconf 90' lang='lat' dir='ltr'>me</span> 
     </span>
     <span class='ocr_line' id='line_1_27' title="bbox 253 2491 2176 2576; baseline -0.001 -20"><span class='ocrx_word' id='word_1_198' title='bbox 253 2492 435 2574; x_wconf 91' lang='lat' dir='ltr'>nulli,</span> <span class='ocrx_word' id='word_1_199' title='bbox 473 2492 599 2556; x_wconf 92' lang='lat' dir='ltr'>nisi</span> <span class='ocrx_word' id='word_1_200' title='bbox 635 2492 745 2576; x_wconf 90' lang='lat' dir='ltr'>qui</span> <span class='ocrx_word' id='word_1_201' title='bbox 783 2491 864 2556; x_wconf 90' lang='lat' dir='ltr'>ab</span> <span class='ocrx_word' id='word_1_202' title='bbox 903 2495 1130 2556; x_wconf 91' lang='lat' dir='ltr'>senatu</span> <span class='ocrx_word' id='word_1_203' title='bbox 1158 2492 1393 2556; x_wconf 89' lang='lat' dir='ltr'>missus</span> <span class='ocrx_word' id='word_1_204' title='bbox 1420 2492 1719 2576; x_wconf 81' lang='lat' dir='ltr'>venisset,</span> <span class='ocrx_word' id='word_1_205' title='bbox 1755 2491 2176 2558; x_wconf 88' lang='lat' dir='ltr'>traditurum:</span> 
     </span>
     <span class='ocr_line' id='line_1_28' title="bbox 253 2580 2176 2666; baseline 0.001 -21"><span class='ocrx_word' id='word_1_206' title='bbox 253 2602 426 2665; x_wconf 89' lang='lat' dir='ltr'>nam,</span> <span class='ocrx_word' id='word_1_207' title='bbox 463 2580 541 2646; x_wconf 92' lang='lat' dir='ltr'>de</span> <span class='ocrx_word' id='word_1_208' title='bbox 578 2581 833 2666; x_wconf 87' lang='lat' dir='ltr'>legione</span> <span class='ocrx_word' id='word_1_209' title='bbox 869 2581 1196 2645; x_wconf 87' lang='lat' dir='ltr'>tricesima</span> <span class='ocrx_word' id='word_1_210' title='bbox 1231 2580 1547 2645; x_wconf 88' lang='lat' dir='ltr'>tradenda</span> <span class='ocrx_word' id='word_1_211' title='bbox 1584 2583 1859 2664; x_wconf 87' lang='lat' dir='ltr'>quantas</span> <span class='ocrx_word' id='word_1_212' title='bbox 1907 2584 2176 2647; x_wconf 91' lang='lat' dir='ltr'>conten-</span> 
     </span>
     <span class='ocr_line' id='line_1_29' title="bbox 252 2668 2178 2755; baseline 0 -21"><span class='ocrx_word' id='word_1_213' title='bbox 252 2670 464 2735; x_wconf 90' lang='lat' dir='ltr'>tiones</span> <span class='ocrx_word' id='word_1_214' title='bbox 526 2669 892 2753; x_wconf 90' lang='lat' dir='ltr'>habuerim,</span> <span class='ocrx_word' id='word_1_215' title='bbox 955 2669 1110 2753; x_wconf 91' lang='lat' dir='ltr'>quid</span> <span class='ocrx_word' id='word_1_216' title='bbox 1174 2690 1295 2755; x_wconf 90' lang='lat' dir='ltr'>ego</span> <span class='ocrx_word' id='word_1_217' title='bbox 1363 2668 1681 2734; x_wconf 77' lang='lat' dir='ltr'>scribam?</span> <span class='ocrx_word' id='word_1_218' title='bbox 1746 2691 1874 2752; x_wconf 89' lang='lat' dir='ltr'>qua</span> <span class='ocrx_word' id='word_1_219' title='bbox 1930 2670 2178 2734; x_wconf 89' lang='lat' dir='ltr'>tradita</span> 
     </span>
     <span class='ocr_line' id='line_1_30' title="bbox 254 2757 2179 2861; baseline -0.001 -37"><span class='ocrx_word' id='word_1_220' title='bbox 254 2762 496 2861; x_wconf 79' lang='lat' dir='ltr'>quanto</span> <span class='ocrx_word' id='word_1_221' title='bbox 560 2780 678 2843; x_wconf 91' lang='lat' dir='ltr'>pro</span> <span class='ocrx_word' id='word_1_222' title='bbox 741 2781 812 2823; x_wconf 89' lang='lat' dir='ltr'>re</span> <span class='ocrx_word' id='word_1_223' title='bbox 884 2758 1143 2843; x_wconf 90' lang='lat' dir='ltr'>publica</span> <span class='ocrx_word' id='word_1_224' title='bbox 1213 2759 1529 2823; x_wconf 89' lang='lat' dir='ltr'>infirmior</span> <span class='ocrx_word' id='word_1_225' title='bbox 1598 2758 1855 2822; x_wconf 88' lang='lat' dir='ltr'>futurus</span> <span class='ocrx_word' id='word_1_226' title='bbox 1918 2757 2179 2841; x_wconf 87' lang='lat' dir='ltr'>fuerim,</span> 
     </span>
     <span class='ocr_line' id='line_1_31' title="bbox 252 2846 2180 2933; baseline -0.001 -20"><span class='ocrx_word' id='word_1_227' title='bbox 252 2849 397 2932; x_wconf 88' lang='lat' dir='ltr'>quis</span> <span class='ocrx_word' id='word_1_228' title='bbox 460 2847 763 2933; x_wconf 77' lang='lat' dir='ltr'>ignorat?</span> <span class='ocrx_word' id='word_1_229' title='bbox 834 2846 959 2911; x_wconf 87' lang='lat' dir='ltr'>hac</span> <span class='ocrx_word' id='word_1_230' title='bbox 1022 2847 1196 2911; x_wconf 92' lang='lat' dir='ltr'>enim</span> <span class='ocrx_word' id='word_1_231' title='bbox 1265 2847 1520 2933; x_wconf 91' lang='lat' dir='ltr'>legione</span> <span class='ocrx_word' id='word_1_232' title='bbox 1583 2847 1721 2913; x_wconf 91' lang='lat' dir='ltr'>noli</span> <span class='ocrx_word' id='word_1_233' title='bbox 1783 2846 1992 2913; x_wconf 91' lang='lat' dir='ltr'>acrius</span> <span class='ocrx_word' id='word_1_234' title='bbox 2060 2851 2180 2914; x_wconf 87' lang='lat' dir='ltr'>aut</span> 
     </span>
     <span class='ocr_line' id='line_1_32' title="bbox 252 2934 2176 3022; baseline -0.001 -21"><span class='ocrx_word' id='word_1_235' title='bbox 252 2937 612 3022; x_wconf 89' lang='lat' dir='ltr'>pugnacius</span> <span class='ocrx_word' id='word_1_236' title='bbox 669 2936 1018 3021; x_wconf 90' lang='lat' dir='ltr'>quidquam</span> <span class='ocrx_word' id='word_1_237' title='bbox 1072 2938 1301 3020; x_wconf 86' lang='lat' dir='ltr'>putare</span> <span class='ocrx_word' id='word_1_238' title='bbox 1357 2957 1511 3000; x_wconf 89' lang='lat' dir='ltr'>esse.</span> <span class='ocrx_word' id='word_1_239' title='bbox 1604 2934 1813 3011; x_wconf 87' lang='lat' dir='ltr'>Quare</span> <span class='ocrx_word' id='word_1_240' title='bbox 1875 2956 2023 3001; x_wconf 91' lang='lat' dir='ltr'>eum</span> <span class='ocrx_word' id='word_1_241' title='bbox 2069 2957 2176 3000; x_wconf 90' lang='lat' dir='ltr'>me</span> 
     </span>
     <span class='ocr_line' id='line_1_33' title="bbox 253 3024 2176 3109; baseline 0.002 -22"><span class='ocrx_word' id='word_1_242' title='bbox 253 3026 548 3089; x_wconf 85' lang='lat' dir='ltr'>existima</span> <span class='ocrx_word' id='word_1_243' title='bbox 584 3047 741 3109; x_wconf 91' lang='lat' dir='ltr'>esse,</span> <span class='ocrx_word' id='word_1_244' title='bbox 779 3025 889 3109; x_wconf 92' lang='lat' dir='ltr'>qui</span> <span class='ocrx_word' id='word_1_245' title='bbox 925 3025 1204 3109; x_wconf 89' lang='lat' dir='ltr'>primum</span> <span class='ocrx_word' id='word_1_246' title='bbox 1231 3024 1407 3109; x_wconf 85' lang='lat' dir='ltr'>pacis</span> <span class='ocrx_word' id='word_1_247' title='bbox 1446 3024 1893 3109; x_wconf 88' lang='lat' dir='ltr'>cupidissimus</span> <span class='ocrx_word' id='word_1_248' title='bbox 1932 3025 2057 3090; x_wconf 89' lang='lat' dir='ltr'>sim</span> <span class='ocrx_word' id='word_1_249' title='bbox 2087 3061 2176 3071; x_wconf 94' lang='lat'>—-</span> 
     </span>
     <span class='ocr_line' id='line_1_34' title="bbox 254 3113 2176 3198; baseline 0.002 -24"><span class='ocrx_word' id='word_1_250' title='bbox 254 3133 476 3175; x_wconf 90' lang='lat' dir='ltr'>omnes</span> <span class='ocrx_word' id='word_1_251' title='bbox 506 3114 679 3178; x_wconf 91' lang='lat' dir='ltr'>enim</span> <span class='ocrx_word' id='word_1_252' title='bbox 707 3113 877 3178; x_wconf 84' lang='lat' dir='ltr'>cives</span> <span class='ocrx_word' id='word_1_253' title='bbox 904 3115 1096 3198; x_wconf 88' lang='lat' dir='ltr'>plane</span> <span class='ocrx_word' id='word_1_254' title='bbox 1127 3114 1353 3179; x_wconf 90' lang='lat' dir='ltr'>studeo</span> <span class='ocrx_word' id='word_1_255' title='bbox 1383 3135 1520 3177; x_wconf 90' lang='lat' dir='ltr'>esse</span> <span class='ocrx_word' id='word_1_256' title='bbox 1549 3114 1761 3178; x_wconf 84' lang='lat' dir='ltr'>salvos</span> <span class='ocrx_word' id='word_1_257' title='bbox 1790 3149 1895 3197; x_wconf 90' lang='lat'>-,</span> <span class='ocrx_word' id='word_1_258' title='bbox 1938 3113 2176 3178; x_wconf 91' lang='lat' dir='ltr'>deinde</span> 
     </span>
     <span class='ocr_line' id='line_1_35' title="bbox 255 3196 2180 3286; baseline 0.004 -26"><span class='ocrx_word' id='word_1_259' title='bbox 255 3200 365 3279; x_wconf 91' lang='lat' dir='ltr'>qui</span> <span class='ocrx_word' id='word_1_260' title='bbox 411 3203 475 3262; x_wconf 91' lang='lat' dir='ltr'>et</span> <span class='ocrx_word' id='word_1_261' title='bbox 519 3223 621 3266; x_wconf 90' lang='lat' dir='ltr'>me</span> <span class='ocrx_word' id='word_1_262' title='bbox 669 3196 757 3268; x_wconf 89' lang='lat' dir='ltr'>et</span> <span class='ocrx_word' id='word_1_263' title='bbox 777 3223 914 3266; x_wconf 89' lang='lat' dir='ltr'>rem</span> <span class='ocrx_word' id='word_1_264' title='bbox 957 3202 1284 3286; x_wconf 89' lang='lat' dir='ltr'>publicam</span> <span class='ocrx_word' id='word_1_265' title='bbox 1329 3202 1653 3267; x_wconf 87' lang='lat' dir='ltr'>vindicare</span> <span class='ocrx_word' id='word_1_266' title='bbox 1698 3201 1769 3266; x_wconf 93' lang='lat' dir='ltr'>in</span> <span class='ocrx_word' id='word_1_267' title='bbox 1804 3201 2180 3267; x_wconf 88' lang='lat' dir='ltr'>libertatem</span> 
     </span>
     <span class='ocr_line' id='line_1_36' title="bbox 184 3289 2176 3368; baseline 0.005 -22"><span class='ocrx_word' id='word_1_268' title='bbox 184 3294 216 3341; x_wconf 81' lang='grc'><strong>6</strong></span> <span class='ocrx_word' id='word_1_269' title='bbox 253 3289 518 3368; x_wconf 86' lang='lat' dir='ltr'>paratus</span> <span class='ocrx_word' id='word_1_270' title='bbox 548 3290 686 3354; x_wconf 86' lang='lat' dir='ltr'>sim.</span> <span class='ocrx_word' id='word_1_271' title='bbox 741 3289 927 3366; x_wconf 83' lang='lat' dir='ltr'>Quod</span> <span class='ocrx_word' id='word_1_272' title='bbox 956 3291 1339 3355; x_wconf 87' lang='lat' dir='ltr'>familiarem</span> <span class='ocrx_word' id='word_1_273' title='bbox 1368 3312 1581 3355; x_wconf 89' lang='lat' dir='ltr'>meum</span> <span class='ocrx_word' id='word_1_274' title='bbox 1609 3294 1868 3355; x_wconf 91' lang='lat' dir='ltr'>tuorum</span> <span class='ocrx_word' id='word_1_275' title='bbox 1897 3312 2176 3356; x_wconf 89' lang='lat' dir='ltr'>numero</span> 
     </span>
    </p>
   </div>
   <div class='ocr_carea' id='block_1_3' title="bbox 395 3473 2186 3551">
    <p class='ocr_par' dir='ltr' id='par_1_3' title="bbox 395 3473 2186 3551">
     <span class='ocr_line' id='line_1_37' title="bbox 395 3473 2186 3551; baseline 0.003 -22"><span class='ocrx_word' id='word_1_276' title='bbox 395 3473 495 3541; x_wconf 85' lang='lat' dir='ltr'>Ep.</span> <span class='ocrx_word' id='word_1_277' title='bbox 535 3481 619 3542; x_wconf 84' lang='lat'>31,</span> <span class='ocrx_word' id='word_1_278' title='bbox 650 3484 699 3531; x_wconf 81' lang='grc'>6.</span> <span class='ocrx_word' id='word_1_279' title='bbox 770 3495 943 3535; x_wconf 66' lang='lat' dir='ltr'>„teum</span> <span class='ocrx_word' id='word_1_280' title='bbox 980 3486 1199 3538; x_wconf 80' lang='lat' dir='ltr'>tuorum</span> <span class='ocrx_word' id='word_1_281' title='bbox 1235 3500 1288 3538; x_wconf 74' lang='lat' dir='ltr'>n.</span> <span class='ocrx_word' id='word_1_282' title='bbox 1330 3482 1462 3551; x_wconf 85' lang='lat' dir='ltr'><strong>(M.).</strong></span> <span class='ocrx_word' id='word_1_283' title='bbox 1536 3500 1603 3536; x_wconf 84' lang='lat' dir='ltr'>m..</span> <span class='ocrx_word' id='word_1_284' title='bbox 1641 3483 1705 3537; x_wconf 75' lang='lat' dir='ltr'>in</span> <span class='ocrx_word' id='word_1_285' title='bbox 1740 3486 1777 3536; x_wconf 85' lang='lat' dir='ltr'>t.</span> <span class='ocrx_word' id='word_1_286' title='bbox 1816 3498 1871 3536; x_wconf 76' lang='lat' dir='ltr'>n.</span> <span class='ocrx_word' id='word_1_287' title='bbox 1910 3481 1994 3550; x_wconf 64' lang='lat' dir='ltr'>L„</span> <span class='ocrx_word' id='word_1_288' title='bbox 2033 3482 2097 3537; x_wconf 87' lang='lat' dir='ltr'>B.</span> <span class='ocrx_word' id='word_1_289' title='bbox 2175 3527 2186 3534; x_wconf 84' lang='lat'>.</span> 
     </span>
    </p>
   </div>
  </div>
 </body>
</html>
