2338 3691
715 114 1235 201 EffflsTOLARUM
1270 115 1391 170 ΧΠ.
1430 121 1515 170 29.
1553 122 1639 169 30.
1998 113 2130 178 413

217 259 601 344 crebriores,
673 282 871 345 quum
933 263 1005 325 tu
1068 261 1232 325 mihi
1292 282 1439 326 raro
1502 260 1749 343 mittas,
1819 258 2132 344 flagitare.

218 347 425 433 Nam,
481 371 678 433 quum
725 351 917 414 antea
962 349 1316 414 distinebar
1359 349 1653 413 maximis
1700 348 2131 432 occupationi·
2169 361 2202 410 2

220 436 373 521 bus,
433 440 775 522 propterea
829 437 1002 522 quod
1065 438 1363 503 omnibus
1424 438 1592 503 curis
1644 457 1775 501 rem
1815 436 2135 519 publicam

220 525 384 591 mihi
445 526 753 591 tuendam
815 526 1152 612 putabam,
1212 530 1354 591 tum
1404 526 1530 591 hoc
1580 529 1871 610 tempore
1928 526 2132 590 multo

220 615 539 680 distineor
592 615 1059 699 vehementius3
1121 619 1199 680 ut
1250 615 1423 680 enim
1478 614 1737 700 gravius
1792 618 2136 700 aegrotant

220 703 271 768 ii
281 738 298 787 ·,
344 703 482 788 qui,
536 724 734 787 quum
786 704 983 768 levati
1035 705 1263 770 morbo
1310 703 1703 787 viderentur,
1747 703 1820 766 in
1864 724 2012 767 eum
2057 702 2135 768 de

220 792 482 877 integro
527 792 917 876 inciderunt,
962 793 1054 857 sio
1096 792 1539 858 vehementius
1583 813 1705 856 nos
1748 791 2137 876 laboramuS,

222 881 340 965 qui
392 881 738 967 profligato
795 881 966 947 bello
1031 903 1107 946 ao
1169 903 1374 966 paene
1439 880 1693 945 sublato
1757 883 2137 945 renovatum

223 969 469 1034 bellum
524 990 742 1056 gerere
799 991 1122 1056 cogamur.
1223 968 1348 1036 Sed
1400 969 1561 1033 haec
1612 967 1943 1033 hactenus.
2036 969 2136 1033 Tu
2174 982 2205 1029 3

223 1058 375 1142 tibi,
427 1059 519 1123 mi
563 1056 893 1143 Cornifici,
944 1059 1051 1123 fac
1104 1061 1180 1124 ut
1223 1058 1611 1143 persuadeas
1662 1079 1798 1122 non
1852 1079 1990 1122 esse
2034 1079 2138 1122 me

224 1150 366 1212 tam
408 1147 728 1213 imbecillo
775 1148 1020 1233 animo,
1061 1170 1147 1213 ne
1193 1148 1402 1212 dicam
1445 1147 1800 1210 inhumano
1810 1196 1828 1230 ,
1871 1149 1949 1210 ut
1992 1168 2031 1210 a
2072 1149 2138 1210 te

224 1235 402 1300 vinci
444 1237 689 1321 possim
743 1240 857 1301 aut
909 1237 1138 1302 officiis
1193 1240 1308 1302 aut
1361 1257 1595 1300 amore.
1683 1233 1838 1299 Non
1891 1234 2140 1299 dubita-

227 1323 382 1389 bam
445 1325 766 1410 equidem,
826 1330 1270 1391 verumtamen
1330 1326 1534 1390 multo
1600 1322 1762 1388 mihi
1822 1323 2142 1388 notiorem

227 1435 517 1479 amorem
560 1417 747 1480 tuum
792 1415 1000 1480 effecit
1035 1413 1454 1499 Chaerippus.
1525 1411 1579 1478 Ο
1615 1411 1945 1477 1101111110111
1981 1432 2141 1475 sem·

229 1524 348 1587 per
408 1503 592 1567 illum
655 1503 911 1588 quidem
973 1503 1132 1568 mihi
1197 1507 1447 1588 aptum,
1507 1522 1682 1566 nunc
1736 1521 1888 1565 vero
1947 1500 2143 1566 etiam

233 1592 521 1656 suavem!
579 1593 795 1657 vultus
839 1593 1201 1657 mehercule
1254 1596 1402 1657 tuos
1447 1591 1608 1654 mihi
1653 1588 1967 1674 expressit
2010 1611 2142 1654 om·

236 1701 370 1764 neS,
427 1702 563 1745 non
617 1682 823 1746 solum
879 1681 1166 1746 animum
1221 1701 1295 1745 ac
1340 1680 1537 1744 verba
1579 1678 1871 1764 pertulit3
1924 1677 2141 1761 itaque

235 1731 373 1833 noli
398 1770 619 1855 vereri,
636 1791 720 1834 ne
747 1770 867 1835 tibi
897 1769 1396 1872 suscensuerim,
1401 1768 1572 1854 quod
1601 1767 1826 1832 eodem
1853 1767 2142 1869 exemplo

233 1857 318 1922 ad
364 1881 493 1944 me,
540 1881 666 1943 quo
713 1859 795 1924 ad
841 1863 1116 1925 ceteros:
1162 1858 1466 1943 requisivi
1512 1857 1805 1943 equidem
1849 1856 2143 1940 proprias

235 1946 319 2011 ad
382 1969 483 2011 me
546 1970 749 2013 unum
809 1949 1090 2034 litteras,
1162 1947 1273 2012 sed
1336 1968 1542 2031 neque
1605 1944 2018 2011 vehementer
2080 1947 2147 2007 et

234 2040 544 2101 amanter.
632 2036 732 2101 De
787 2040 1073 2121 sumptu,
1128 2058 1319 2121 quem
1371 2039 1437 2100 te
1490 2036 1561 2099 in
1613 2056 1750 2100 rem
1802 2033 2146 2097 militarem
2184 2044 2218 2092 4

234 2124 448 2189 facere
492 2128 560 2189 et
600 2125 828 2190 fecisse
874 2125 1058 2210 dicis,
1109 2125 1275 2189 nihil
1322 2145 1475 2189 sane
1530 2145 1794 2208 possum
1845 2122 1967 2186 tibi
2013 2121 2146 2205 opi-

234 2213 461 2298 tulari,
514 2217 856 2298 propterea
901 2213 1073 2298 quod
1119 2216 1187 2278 et
1240 2213 1433 2278 orbus
1479 2217 1568 2277 est
1610 2213 1873 2276 senatus
1919 2231 2147 2274 consu-

234 2301 406 2367 libus
435 2303 686 2367 amissis
714 2306 780 2367 et
804 2301 1211 2367 incredibiles
1240 2301 1577 2386 angustiae
1605 2299 1913 2384 pecuniae
1942 2298 2149 2382 publi-

236 2412 379 2474 cae,
433 2412 596 2475 quae
652 2392 1053 2493 conquiritur
1105 2390 1414 2475 undique,
1481 2392 1557 2453 ut
1611 2388 1850 2472 optime
1904 2386 2149 2451 meritis

237 2479 551 2545 militibus
588 2481 906 2565 promissa
943 2480 1294 2563 solvantur,
1335 2477 1507 2563 quod
1543 2477 1800 2561 quidem
1836 2476 1975 2540 fieri
2012 2475 2148 2538 sine

232 2568 483 2633 tributo
547 2590 737 2653 posse
799 2590 935 2634 non
998 2568 1295 2632 arbitror
1409 2565 1510 2630 De
1571 2565 1755 2630 Attio
1817 2563 2221 2648 Dionysio,5

238 2656 404 2720 nihil
448 2661 608 2741 puto
654 2678 812 2742 esse,
857 2658 1162 2742 quoniam
1208 2655 1368 2720 mihi
1402 2654 1567 2719 nihil
1604 2654 1765 2718 dixit
1801 2652 2150 2716 Tratorius

239 2743 340 2809 De
384 2743 454 2810 P.
509 2744 810 2831 Lucceio,
862 2745 1028 2809 nihil
1081 2744 1218 2810 tibi
1258 2743 1538 2809 concedo
1549 2794 1567 2828 ,
1622 2763 1749 2827 quo
1806 2739 2152 2805 studiosior

238 2834 377 2899 eius
424 2835 540 2918 sis,
596 2856 791 2919 quam
844 2855 965 2919 ego
1022 2855 1192 2917 sum3
1246 2836 1345 2897 est
1389 2832 1562 2897 enim
1613 2830 1803 2896 nobis
1863 2849 2151 2899 necessa-

235 2924 400 3007 rius3
447 2923 574 3006 sed,
622 2944 662 2986 a
705 2922 1032 3008 magistris
1079 2943 1278 3006 quum
1324 2919 1778 2986 contenderem
1823 2917 1900 2982 de
1942 2915 2150 3000 profe-

237 3011 441 3076 rendo
489 3011 608 3096 die,
653 3012 1013 3113 probarunt
1057 3010 1217 3080 mihi
1264 3031 1419 3094 sese,
1465 3031 1591 3093 quo
1628 3008 1842 3073 minus
1882 3005 1948 3070 id
1983 3005 2152 3069 face-

237 3104 405 3184 rent,
442 3103 507 3165 et
534 3100 993 3184 compromisso
1024 3099 1133 3163 et
1115 3120 1252 3163 lure
1280 3097 1553 3163 iurando
1589 3095 1937 3195 impediri3·
1957 3114 2152 3177 quare

237 3188 629 3254 veniendum
692 3188 969 3254 arbitror
1039 3186 1340 3252 Lucceio.
1413 3206 1828 3271 quamquam,
1887 3182 1941 3247 si
1995 3182 2154 3246 meis

384 3397 469 3468 Ep
473 3404 593 3465 ,,30
608 3407 659 3453 2.
715 3413 971 3468 coyamur
999 3397 1209 3467 (Man).
1264 3389 1527 3451 conamur
1552 3394 1626 3448 Μ
1631 3394 1847 3463 ‚vulgo
1904 3398 1953 3445 3.
1982 3404 2155 3444 unum

238 3416 469 3527 litterasp
491 3469 635 3538 (edd.
674 3472 849 3540 vett..)
924 3486 979 3524 u.
1019 3469 1164 3523 adl.
1204 3468 1277 3521 M.
1351 3484 1406 3521 u.
1447 3484 1483 3519 a
1518 3466 1637 3519 tel.
1677 3463 1841 3530 Orat„
1881 3462 1941 3514 B.
