<?xml version="1.0" encoding="UTF-8"?>
<!DOCTYPE html PUBLIC "-//W3C//DTD XHTML 1.0 Transitional//EN"
    "http://www.w3.org/TR/xhtml1/DTD/xhtml1-transitional.dtd">
<html xmlns="http://www.w3.org/1999/xhtml" xml:lang="en" lang="en">
 <head>
  <title>
</title>
<meta http-equiv="Content-Type" content="text/html;charset=utf-8" />
  <meta name='ocr-system' content='tesseract 3.04.00' />
  <meta name='ocr-capabilities' content='ocr_page ocr_carea ocr_par ocr_line ocrx_word'/>
</head>
<body>
  <div class='ocr_page' id='page_1' title='image "./scriptaquaemans02wesegoog_0417.png"; bbox 0 0 2338 3691; ppageno 0'>
   <div class='ocr_carea' id='block_1_1' title="bbox 656 64 2081 178">
    <p class='ocr_par' dir='ltr' id='par_1_1' title="bbox 656 64 2081 178">
     <span class='ocr_line' id='line_1_1' title="bbox 656 64 2081 178; baseline 0.011 -14"><span class='ocrx_word' id='word_1_1' title='bbox 656 107 1174 167; x_wconf 79' lang='lat' dir='ltr'><strong>EPISTOLARUM</strong></span> <span class='ocrx_word' id='word_1_2' title='bbox 1210 111 1332 166; x_wconf 80' lang='grc' dir='ltr'><strong>ΧΠ.</strong></span> <span class='ocrx_word' id='word_1_3' title='bbox 1368 119 1593 168; x_wconf 85' lang='lat'><strong>16—18.</strong></span> <span class='ocrx_word' id='word_1_4' title='bbox 1950 64 2081 178; x_wconf 65' lang='lat'><strong>401</strong></span> 
     </span>
    </p>
   </div>
   <div class='ocr_carea' id='block_1_2' title="bbox 165 255 2087 704">
    <p class='ocr_par' dir='ltr' id='par_1_2' title="bbox 165 255 2087 704">
     <span class='ocr_line' id='line_1_2' title="bbox 167 255 2087 343; baseline 0.001 -22"><span class='ocrx_word' id='word_1_5' title='bbox 167 255 360 321; x_wconf 84' lang='lat' dir='ltr'><strong>velim</strong></span> <span class='ocrx_word' id='word_1_6' title='bbox 416 255 507 319; x_wconf 86' lang='lat' dir='ltr'><strong>sie</strong></span> <span class='ocrx_word' id='word_1_7' title='bbox 561 255 911 341; x_wconf 83' lang='lat' dir='ltr'><strong>existimes,</strong></span> <span class='ocrx_word' id='word_1_8' title='bbox 973 278 1074 320; x_wconf 91' lang='lat' dir='ltr'><strong>me</strong></span> <span class='ocrx_word' id='word_1_9' title='bbox 1141 279 1338 341; x_wconf 90' lang='lat' dir='ltr'><strong>quum</strong></span> <span class='ocrx_word' id='word_1_10' title='bbox 1393 257 1623 343; x_wconf 90' lang='lat' dir='ltr'><strong>amori,</strong></span> <span class='ocrx_word' id='word_1_11' title='bbox 1678 279 1867 342; x_wconf 89' lang='lat' dir='ltr'><strong>quem</strong></span> <span class='ocrx_word' id='word_1_12' title='bbox 1912 258 2087 323; x_wconf 84' lang='lat' dir='ltr'><strong>inter</strong></span> 
     </span>
     <span class='ocr_line' id='line_1_3' title="bbox 167 345 2085 431; baseline 0.002 -23"><span class='ocrx_word' id='word_1_13' title='bbox 167 365 290 409; x_wconf 92' lang='lat' dir='ltr'><strong>nos</strong></span> <span class='ocrx_word' id='word_1_14' title='bbox 335 347 631 408; x_wconf 90' lang='lat' dir='ltr'><strong>mutuum</strong></span> <span class='ocrx_word' id='word_1_15' title='bbox 677 366 815 409; x_wconf 88' lang='lat' dir='ltr'><strong>esse</strong></span> <span class='ocrx_word' id='word_1_16' title='bbox 849 346 1165 431; x_wconf 78' lang='lat' dir='ltr'><strong>intelligo,</strong></span> <span class='ocrx_word' id='word_1_17' title='bbox 1209 345 1557 430; x_wconf 89' lang='lat' dir='ltr'><strong>plurimum</strong></span> <span class='ocrx_word' id='word_1_18' title='bbox 1595 345 1897 431; x_wconf 79' lang='lat' dir='ltr'><strong>tribuam,</strong></span> <span class='ocrx_word' id='word_1_19' title='bbox 1940 350 2085 412; x_wconf 91' lang='lat' dir='ltr'><strong>tum</strong></span> 
     </span>
     <span class='ocr_line' id='line_1_4' title="bbox 169 433 2082 519; baseline 0.003 -23"><span class='ocrx_word' id='word_1_20' title='bbox 169 433 247 497; x_wconf 89' lang='lat' dir='ltr'><strong>de</strong></span> <span class='ocrx_word' id='word_1_21' title='bbox 295 453 546 498; x_wconf 87' lang='lat' dir='ltr'><strong>summo</strong></span> <span class='ocrx_word' id='word_1_22' title='bbox 592 433 856 519; x_wconf 89' lang='lat' dir='ltr'><strong>ingenio</strong></span> <span class='ocrx_word' id='word_1_23' title='bbox 903 438 970 498; x_wconf 90' lang='lat' dir='ltr'><strong>et</strong></span> <span class='ocrx_word' id='word_1_24' title='bbox 1016 435 1093 499; x_wconf 89' lang='lat' dir='ltr'><strong>de</strong></span> <span class='ocrx_word' id='word_1_25' title='bbox 1140 434 1370 499; x_wconf 87' lang='lat' dir='ltr'><strong>studiis</strong></span> <span class='ocrx_word' id='word_1_26' title='bbox 1404 436 1536 500; x_wconf 86' lang='lat' dir='ltr'><strong>tuis</strong></span> <span class='ocrx_word' id='word_1_27' title='bbox 1585 435 1844 519; x_wconf 89' lang='lat' dir='ltr'><strong>optimis</strong></span> <span class='ocrx_word' id='word_1_28' title='bbox 1892 438 1957 499; x_wconf 88' lang='lat' dir='ltr'><strong>et</strong></span> <span class='ocrx_word' id='word_1_29' title='bbox 2002 435 2082 501; x_wconf 89' lang='lat' dir='ltr'><strong>de</strong></span> 
     </span>
     <span class='ocr_line' id='line_1_5' title="bbox 167 521 2084 609; baseline 0.002 -23"><span class='ocrx_word' id='word_1_30' title='bbox 167 543 282 607; x_wconf 85' lang='lat' dir='ltr'><strong>spe</strong></span> <span class='ocrx_word' id='word_1_31' title='bbox 330 521 761 607; x_wconf 79' lang='lat' dir='ltr'><strong>amplissimae</strong></span> <span class='ocrx_word' id='word_1_32' title='bbox 799 523 1136 608; x_wconf 86' lang='lat' dir='ltr'><strong>dignitatis</strong></span> <span class='ocrx_word' id='word_1_33' title='bbox 1171 524 1267 587; x_wconf 89' lang='lat' dir='ltr'><strong>ita</strong></span> <span class='ocrx_word' id='word_1_34' title='bbox 1300 523 1600 609; x_wconf 85' lang='lat' dir='ltr'><strong>iudicare,</strong></span> <span class='ocrx_word' id='word_1_35' title='bbox 1644 529 1720 589; x_wconf 90' lang='lat' dir='ltr'><strong>ut</strong></span> <span class='ocrx_word' id='word_1_36' title='bbox 1756 524 2084 589; x_wconf 82' lang='lat' dir='ltr'><strong>neminem</strong></span> 
     </span>
     <span class='ocr_line' id='line_1_6' title="bbox 165 610 1464 704; baseline 0.004 -31"><span class='ocrx_word' id='word_1_37' title='bbox 165 610 290 674; x_wconf 85' lang='lat' dir='ltr'><strong>tibi</strong></span> <span class='ocrx_word' id='word_1_38' title='bbox 335 613 748 696; x_wconf 78' lang='lat' dir='ltr'><strong>anteponam,</strong></span> <span class='ocrx_word' id='word_1_39' title='bbox 793 633 1159 704; x_wconf 83' lang='lat' dir='ltr'><strong>comparem</strong></span> <span class='ocrx_word' id='word_1_40' title='bbox 1206 633 1464 696; x_wconf 82' lang='lat' dir='ltr'><strong>paucos.</strong></span> 
     </span>
    </p>
   </div>
   <div class='ocr_carea' id='block_1_3' title="bbox 1002 806 1253 872">
    <p class='ocr_par' dir='ltr' id='par_1_3' title="bbox 1002 806 1253 872">
     <span class='ocr_line' id='line_1_7' title="bbox 1002 806 1253 872; baseline -0.004 -1"><span class='ocrx_word' id='word_1_41' title='bbox 1002 806 1253 872; x_wconf 91' lang='lat' dir='ltr'><strong>XVIII.</strong></span> 
     </span>
    </p>
   </div>
   <div class='ocr_carea' id='block_1_4' title="bbox 555 918 1691 974">
    <p class='ocr_par' dir='ltr' id='par_1_4' title="bbox 555 918 1691 974">
     <span class='ocr_line' id='line_1_8' title="bbox 555 918 1691 974; baseline 0 -2"><span class='ocrx_word' id='word_1_42' title='bbox 555 918 669 972; x_wconf 83' lang='lat' dir='ltr'><strong>Ser.</strong></span> <span class='ocrx_word' id='word_1_43' title='bbox 708 919 921 974; x_wconf 84' lang='lat' dir='ltr'><strong>Romae</strong></span> <span class='ocrx_word' id='word_1_44' title='bbox 959 920 1061 974; x_wconf 88' lang='lat' dir='ltr'><strong>sub</strong></span> <span class='ocrx_word' id='word_1_45' title='bbox 1098 919 1268 974; x_wconf 89' lang='lat' dir='ltr'><strong>finem</strong></span> <span class='ocrx_word' id='word_1_46' title='bbox 1304 934 1354 972; x_wconf 82' lang='lat' dir='ltr'><strong>a.</strong></span> <span class='ocrx_word' id='word_1_47' title='bbox 1394 937 1447 974; x_wconf 90' lang='lat' dir='ltr'><strong>u.</strong></span> <span class='ocrx_word' id='word_1_48' title='bbox 1486 935 1532 972; x_wconf 84' lang='lat' dir='ltr'><strong>c.</strong></span> <span class='ocrx_word' id='word_1_49' title='bbox 1573 924 1691 973; x_wconf 82' lang='grc'><strong>708.</strong></span> 
     </span>
    </p>
   </div>
   <div class='ocr_carea' id='block_1_5' title="bbox 456 1040 1799 1113">
    <p class='ocr_par' dir='ltr' id='par_1_5' title="bbox 456 1040 1799 1113">
     <span class='ocr_line' id='line_1_9' title="bbox 456 1040 1799 1113; baseline 0.001 -16"><span class='ocrx_word' id='word_1_50' title='bbox 456 1040 711 1098; x_wconf 84' lang='lat' dir='ltr'><strong>CICERO</strong></span> <span class='ocrx_word' id='word_1_51' title='bbox 751 1043 805 1097; x_wconf 81' lang='lat' dir='ltr'><strong>S.</strong></span> <span class='ocrx_word' id='word_1_52' title='bbox 842 1043 908 1098; x_wconf 91' lang='lat' dir='ltr'><strong>D.</strong></span> <span class='ocrx_word' id='word_1_53' title='bbox 940 1041 1362 1113; x_wconf 10' lang='lat' dir='ltr'><strong>,CORNIFICIO</strong></span> <span class='ocrx_word' id='word_1_54' title='bbox 1402 1042 1799 1098; x_wconf 85' lang='lat' dir='ltr'><strong>COLLEGAE.</strong></span> 
     </span>
    </p>
   </div>
   <div class='ocr_carea' id='block_1_6' title="bbox 166 1141 2158 2667">
    <p class='ocr_par' dir='ltr' id='par_1_6' title="bbox 166 1141 2158 2650">
     <span class='ocr_line' id='line_1_10' title="bbox 308 1141 2158 1228; baseline 0.003 -22"><span class='ocrx_word' id='word_1_55' title='bbox 308 1141 493 1219; x_wconf 86' lang='lat' dir='ltr'><strong>Quod</strong></span> <span class='ocrx_word' id='word_1_56' title='bbox 539 1145 894 1208; x_wconf 85' lang='lat' dir='ltr'><strong>extremum</strong></span> <span class='ocrx_word' id='word_1_57' title='bbox 937 1144 1064 1208; x_wconf 88' lang='lat' dir='ltr'><strong>fuit</strong></span> <span class='ocrx_word' id='word_1_58' title='bbox 1106 1145 1179 1208; x_wconf 92' lang='lat' dir='ltr'><strong>in</strong></span> <span class='ocrx_word' id='word_1_59' title='bbox 1224 1166 1300 1209; x_wconf 86' lang='lat' dir='ltr'><strong>ea</strong></span> <span class='ocrx_word' id='word_1_60' title='bbox 1345 1143 1649 1228; x_wconf 86' lang='lat' dir='ltr'><strong>epistola,</strong></span> <span class='ocrx_word' id='word_1_61' title='bbox 1694 1166 1888 1228; x_wconf 90' lang='lat' dir='ltr'><strong>quam</strong></span> <span class='ocrx_word' id='word_1_62' title='bbox 1933 1167 1972 1209; x_wconf 91' lang='lat' dir='ltr'><strong>a</strong></span> <span class='ocrx_word' id='word_1_63' title='bbox 2016 1147 2082 1210; x_wconf 91' lang='lat' dir='ltr'><strong>te</strong></span> <span class='ocrx_word' id='word_1_64' title='bbox 2122 1163 2158 1212; x_wconf 79' lang='lat'><strong>1.</strong></span> 
     </span>
     <span class='ocr_line' id='line_1_11' title="bbox 168 1231 2085 1317; baseline 0.001 -22"><span class='ocrx_word' id='word_1_65' title='bbox 168 1231 461 1317; x_wconf 83' lang='lat' dir='ltr'><strong>proxime</strong></span> <span class='ocrx_word' id='word_1_66' title='bbox 499 1233 734 1317; x_wconf 81' lang='lat' dir='ltr'><strong>accepi,</strong></span> <span class='ocrx_word' id='word_1_67' title='bbox 779 1231 860 1297; x_wconf 89' lang='lat' dir='ltr'><strong>ad</strong></span> <span class='ocrx_word' id='word_1_68' title='bbox 895 1232 962 1297; x_wconf 92' lang='lat' dir='ltr'><strong>id</strong></span> <span class='ocrx_word' id='word_1_69' title='bbox 1006 1233 1287 1317; x_wconf 90' lang='lat' dir='ltr'><strong>primum</strong></span> <span class='ocrx_word' id='word_1_70' title='bbox 1303 1231 1751 1317; x_wconf 85' lang='lat' dir='ltr'><strong>respondeb03</strong></span> <span class='ocrx_word' id='word_1_71' title='bbox 1796 1233 2085 1297; x_wconf 85' lang='lat' dir='ltr'><strong>animum</strong></span> 
     </span>
     <span class='ocr_line' id='line_1_12' title="bbox 170 1320 2084 1408; baseline 0.001 -24"><span class='ocrx_word' id='word_1_72' title='bbox 170 1320 420 1385; x_wconf 86' lang='lat' dir='ltr'><strong>adverti</strong></span> <span class='ocrx_word' id='word_1_73' title='bbox 465 1320 638 1385; x_wconf 83' lang='lat' dir='ltr'><strong>enim</strong></span> <span class='ocrx_word' id='word_1_74' title='bbox 682 1320 808 1386; x_wconf 88' lang='lat' dir='ltr'><strong>hoe</strong></span> <span class='ocrx_word' id='word_1_75' title='bbox 852 1343 968 1387; x_wconf 84' lang='lat' dir='ltr'><strong>vos</strong></span> <span class='ocrx_word' id='word_1_76' title='bbox 1011 1343 1287 1408; x_wconf 87' lang='lat' dir='ltr'><strong>magnos</strong></span> <span class='ocrx_word' id='word_1_77' title='bbox 1334 1324 1621 1387; x_wconf 86' lang='lat' dir='ltr'><strong>oratores</strong></span> <span class='ocrx_word' id='word_1_78' title='bbox 1666 1321 1877 1385; x_wconf 82' lang='lat' dir='ltr'><strong>faeere</strong></span> <span class='ocrx_word' id='word_1_79' title='bbox 1923 1343 2084 1386; x_wconf 92' lang='lat' dir='ltr'><strong>non-</strong></span> 
     </span>
     <span class='ocr_line' id='line_1_13' title="bbox 170 1410 2083 1495; baseline 0.001 -23"><span class='ocrx_word' id='word_1_80' title='bbox 170 1429 551 1493; x_wconf 89' lang='lat' dir='ltr'><strong>numquam.</strong></span> <span class='ocrx_word' id='word_1_81' title='bbox 598 1410 903 1495; x_wconf 73' lang='lat' dir='ltr'><strong>epistolas</strong></span> <span class='ocrx_word' id='word_1_82' title='bbox 940 1411 1213 1494; x_wconf 80' lang='lat' dir='ltr'><strong>requiris</strong></span> <span class='ocrx_word' id='word_1_83' title='bbox 1248 1432 1451 1495; x_wconf 83' lang='lat' dir='ltr'><strong>meas3</strong></span> <span class='ocrx_word' id='word_1_84' title='bbox 1497 1431 1618 1495; x_wconf 90' lang='lat' dir='ltr'><strong>ego</strong></span> <span class='ocrx_word' id='word_1_85' title='bbox 1656 1413 1873 1475; x_wconf 88' lang='lat' dir='ltr'><strong>autem</strong></span> <span class='ocrx_word' id='word_1_86' title='bbox 1898 1432 2083 1474; x_wconf 87' lang='lat' dir='ltr'><strong>num-</strong></span> 
     </span>
     <span class='ocr_line' id='line_1_14' title="bbox 171 1499 2085 1583; baseline 0.001 -21"><span class='ocrx_word' id='word_1_87' title='bbox 171 1519 369 1582; x_wconf 87' lang='lat' dir='ltr'><strong>quam</strong></span> <span class='ocrx_word' id='word_1_88' title='bbox 387 1548 405 1583; x_wconf 94' lang='lat'><strong>,</strong></span> <span class='ocrx_word' id='word_1_89' title='bbox 470 1520 667 1583; x_wconf 90' lang='lat' dir='ltr'><strong>quum</strong></span> <span class='ocrx_word' id='word_1_90' title='bbox 727 1499 888 1564; x_wconf 90' lang='lat' dir='ltr'><strong>mihi</strong></span> <span class='ocrx_word' id='word_1_91' title='bbox 952 1499 1403 1564; x_wconf 87' lang='lat' dir='ltr'><strong>denuntiatum</strong></span> <span class='ocrx_word' id='word_1_92' title='bbox 1466 1502 1635 1564; x_wconf 87' lang='lat' dir='ltr'><strong>esset</strong></span> <span class='ocrx_word' id='word_1_93' title='bbox 1695 1521 1735 1563; x_wconf 89' lang='lat' dir='ltr'><strong>a</strong></span> <span class='ocrx_word' id='word_1_94' title='bbox 1796 1499 1927 1563; x_wconf 87' lang='lat' dir='ltr'><strong>tuis</strong></span> <span class='ocrx_word' id='word_1_95' title='bbox 1989 1499 2085 1564; x_wconf 86' lang='lat' dir='ltr'><strong>ire</strong></span> 
     </span>
     <span class='ocr_line' id='line_1_15' title="bbox 172 1586 2083 1671; baseline 0.001 -21"><span class='ocrx_word' id='word_1_96' title='bbox 172 1586 471 1671; x_wconf 87' lang='lat' dir='ltr'><strong>aliquem,</strong></span> <span class='ocrx_word' id='word_1_97' title='bbox 514 1608 651 1653; x_wconf 94' lang='lat' dir='ltr'><strong>non</strong></span> <span class='ocrx_word' id='word_1_98' title='bbox 697 1586 859 1652; x_wconf 88' lang='lat' dir='ltr'><strong>dedi.</strong></span> <span class='ocrx_word' id='word_1_99' title='bbox 951 1586 1137 1664; x_wconf 86' lang='lat' dir='ltr'><strong>Quod</strong></span> <span class='ocrx_word' id='word_1_100' title='bbox 1191 1588 1351 1653; x_wconf 92' lang='lat' dir='ltr'><strong>mihi</strong></span> <span class='ocrx_word' id='word_1_101' title='bbox 1404 1588 1625 1653; x_wconf 82' lang='lat' dir='ltr'><strong>videor</strong></span> <span class='ocrx_word' id='word_1_102' title='bbox 1684 1610 1761 1653; x_wconf 85' lang='lat' dir='ltr'><strong>ex</strong></span> <span class='ocrx_word' id='word_1_103' title='bbox 1804 1588 1935 1652; x_wconf 90' lang='lat' dir='ltr'><strong>tuis</strong></span> <span class='ocrx_word' id='word_1_104' title='bbox 1979 1588 2083 1652; x_wconf 90' lang='lat' dir='ltr'><strong>lit-</strong></span> 
     </span>
     <span class='ocr_line' id='line_1_16' title="bbox 171 1675 2083 1761; baseline 0.001 -21"><span class='ocrx_word' id='word_1_105' title='bbox 171 1675 330 1740; x_wconf 83' lang='lat' dir='ltr'><strong>teris</strong></span> <span class='ocrx_word' id='word_1_106' title='bbox 373 1676 762 1761; x_wconf 90' lang='lat' dir='ltr'><strong>intelligere,</strong></span> <span class='ocrx_word' id='word_1_107' title='bbox 805 1681 871 1741; x_wconf 91' lang='lat' dir='ltr'><strong>te</strong></span> <span class='ocrx_word' id='word_1_108' title='bbox 917 1677 1081 1741; x_wconf 89' lang='lat' dir='ltr'><strong>nihil</strong></span> <span class='ocrx_word' id='word_1_109' title='bbox 1126 1677 1617 1742; x_wconf 82' lang='lat' dir='ltr'><strong>commissurum</strong></span> <span class='ocrx_word' id='word_1_110' title='bbox 1662 1698 1799 1741; x_wconf 86' lang='lat' dir='ltr'><strong>esse</strong></span> <span class='ocrx_word' id='word_1_111' title='bbox 1844 1679 2083 1741; x_wconf 91' lang='lat' dir='ltr'><strong>temere</strong></span> 
     </span>
     <span class='ocr_line' id='line_1_17' title="bbox 174 1762 2083 1852; baseline 0.002 -25"><span class='ocrx_word' id='word_1_112' title='bbox 174 1785 298 1828; x_wconf 87' lang='lat' dir='ltr'><strong>nec</strong></span> <span class='ocrx_word' id='word_1_113' title='bbox 342 1768 519 1851; x_wconf 86' lang='lat' dir='ltr'><strong>ante,</strong></span> <span class='ocrx_word' id='word_1_114' title='bbox 566 1787 760 1850; x_wconf 90' lang='lat' dir='ltr'><strong>quam</strong></span> <span class='ocrx_word' id='word_1_115' title='bbox 806 1766 1032 1830; x_wconf 84' lang='lat' dir='ltr'><strong>scisses</strong></span> <span class='ocrx_word' id='word_1_116' title='bbox 1042 1816 1060 1852; x_wconf 94' lang='lat'><strong>,</strong></span> <span class='ocrx_word' id='word_1_117' title='bbox 1106 1787 1233 1850; x_wconf 96' lang='lat' dir='ltr'><strong>quo</strong></span> <span class='ocrx_word' id='word_1_118' title='bbox 1279 1765 1400 1830; x_wconf 89' lang='lat' dir='ltr'><strong>iste</strong></span> <span class='ocrx_word' id='word_1_119' title='bbox 1446 1766 1664 1830; x_wconf 85' lang='lat' dir='ltr'><strong>nescio</strong></span> <span class='ocrx_word' id='word_1_120' title='bbox 1714 1765 1824 1850; x_wconf 91' lang='lat' dir='ltr'><strong>qui</strong></span> <span class='ocrx_word' id='word_1_121' title='bbox 1869 1762 2083 1830; x_wconf 82' lang='lat' dir='ltr'><strong>Caeci·</strong></span> 
     </span>
     <span class='ocr_line' id='line_1_18' title="bbox 170 1852 2084 1940; baseline 0.001 -23"><span class='ocrx_word' id='word_1_122' title='bbox 170 1852 299 1917; x_wconf 89' lang='lat' dir='ltr'><strong>lius</strong></span> <span class='ocrx_word' id='word_1_123' title='bbox 344 1853 586 1919; x_wconf 88' lang='lat' dir='ltr'><strong>Bassus</strong></span> <span class='ocrx_word' id='word_1_124' title='bbox 640 1859 1030 1940; x_wconf 90' lang='lat' dir='ltr'><strong>erumperet,</strong></span> <span class='ocrx_word' id='word_1_125' title='bbox 1085 1855 1435 1939; x_wconf 88' lang='lat' dir='ltr'><strong>quidquam</strong></span> <span class='ocrx_word' id='word_1_126' title='bbox 1490 1855 1648 1920; x_wconf 87' lang='lat' dir='ltr'><strong>certi</strong></span> <span class='ocrx_word' id='word_1_127' title='bbox 1701 1855 2084 1920; x_wconf 80' lang='lat' dir='ltr'><strong>constitutu-</strong></span> 
     </span>
     <span class='ocr_line' id='line_1_19' title="bbox 170 1943 2086 2029; baseline 0.001 -23"><span class='ocrx_word' id='word_1_128' title='bbox 170 1964 345 2026; x_wconf 87' lang='lat' dir='ltr'><strong>rum,</strong></span> <span class='ocrx_word' id='word_1_129' title='bbox 397 1943 463 2007; x_wconf 89' lang='lat' dir='ltr'><strong>id</strong></span> <span class='ocrx_word' id='word_1_130' title='bbox 517 1964 638 2029; x_wconf 85' lang='lat' dir='ltr'><strong>ego</strong></span> <span class='ocrx_word' id='word_1_131' title='bbox 696 1946 762 2008; x_wconf 90' lang='lat' dir='ltr'><strong>et</strong></span> <span class='ocrx_word' id='word_1_132' title='bbox 807 1966 1133 2029; x_wconf 86' lang='lat' dir='ltr'><strong>speraram</strong></span> <span class='ocrx_word' id='word_1_133' title='bbox 1186 1944 1530 2028; x_wconf 86' lang='lat' dir='ltr'><strong>prudentia</strong></span> <span class='ocrx_word' id='word_1_134' title='bbox 1592 1946 1707 2008; x_wconf 87' lang='lat' dir='ltr'><strong>tua</strong></span> <span class='ocrx_word' id='word_1_135' title='bbox 1758 1944 1965 2009; x_wconf 86' lang='lat' dir='ltr'><strong>fretus</strong></span> <span class='ocrx_word' id='word_1_136' title='bbox 2020 1947 2086 2008; x_wconf 92' lang='lat' dir='ltr'><strong>et</strong></span> 
     </span>
     <span class='ocr_line' id='line_1_20' title="bbox 171 2031 2084 2118; baseline 0.001 -22"><span class='ocrx_word' id='word_1_137' title='bbox 171 2033 249 2096; x_wconf 91' lang='lat' dir='ltr'><strong>ut</strong></span> <span class='ocrx_word' id='word_1_138' title='bbox 294 2031 679 2097; x_wconf 78' lang='lat' dir='ltr'><strong>confiderem</strong></span> <span class='ocrx_word' id='word_1_139' title='bbox 723 2033 1017 2097; x_wconf 85' lang='lat' dir='ltr'><strong>fecerunt</strong></span> <span class='ocrx_word' id='word_1_140' title='bbox 1059 2035 1211 2097; x_wconf 89' lang='lat' dir='ltr'><strong>tuae</strong></span> <span class='ocrx_word' id='word_1_141' title='bbox 1256 2033 1661 2118; x_wconf 77' lang='lat' dir='ltr'><strong>gratissimae</strong></span> <span class='ocrx_word' id='word_1_142' title='bbox 1710 2032 1871 2096; x_wconf 90' lang='lat' dir='ltr'><strong>mihi</strong></span> <span class='ocrx_word' id='word_1_143' title='bbox 1914 2033 2084 2097; x_wconf 85' lang='lat' dir='ltr'><strong>litte-</strong></span> 
     </span>
     <span class='ocr_line' id='line_1_21' title="bbox 168 2120 2085 2207; baseline 0.001 -23"><span class='ocrx_word' id='word_1_144' title='bbox 168 2140 310 2204; x_wconf 85' lang='lat' dir='ltr'><strong>rae,</strong></span> <span class='ocrx_word' id='word_1_145' title='bbox 367 2120 558 2204; x_wconf 89' lang='lat' dir='ltr'><strong>idque</strong></span> <span class='ocrx_word' id='word_1_146' title='bbox 613 2124 688 2185; x_wconf 91' lang='lat' dir='ltr'><strong>ut</strong></span> <span class='ocrx_word' id='word_1_147' title='bbox 748 2121 950 2186; x_wconf 84' lang='lat' dir='ltr'><strong>facias</strong></span> <span class='ocrx_word' id='word_1_148' title='bbox 1004 2143 1200 2206; x_wconf 87' lang='lat' dir='ltr'><strong>quam</strong></span> <span class='ocrx_word' id='word_1_149' title='bbox 1243 2122 1641 2207; x_wconf 87' lang='lat' dir='ltr'><strong>saepissime,</strong></span> <span class='ocrx_word' id='word_1_150' title='bbox 1693 2123 1768 2185; x_wconf 91' lang='lat' dir='ltr'><strong>ut</strong></span> <span class='ocrx_word' id='word_1_151' title='bbox 1822 2124 1888 2185; x_wconf 91' lang='lat' dir='ltr'><strong>et</strong></span> <span class='ocrx_word' id='word_1_152' title='bbox 1931 2121 2085 2205; x_wconf 87' lang='lat' dir='ltr'><strong>quid</strong></span> 
     </span>
     <span class='ocr_line' id='line_1_22' title="bbox 168 2209 2085 2296; baseline 0.001 -24"><span class='ocrx_word' id='word_1_153' title='bbox 168 2211 248 2272; x_wconf 88' lang='lat' dir='ltr'><strong>tu</strong></span> <span class='ocrx_word' id='word_1_154' title='bbox 294 2229 451 2293; x_wconf 87' lang='lat' dir='ltr'><strong>agas</strong></span> <span class='ocrx_word' id='word_1_155' title='bbox 497 2212 564 2274; x_wconf 91' lang='lat' dir='ltr'><strong>et</strong></span> <span class='ocrx_word' id='word_1_156' title='bbox 608 2209 761 2293; x_wconf 89' lang='lat' dir='ltr'><strong>quid</strong></span> <span class='ocrx_word' id='word_1_157' title='bbox 808 2213 1040 2296; x_wconf 81' lang='lat' dir='ltr'><strong>agatur</strong></span> <span class='ocrx_word' id='word_1_158' title='bbox 1085 2211 1247 2275; x_wconf 81' lang='lat' dir='ltr'><strong>scire</strong></span> <span class='ocrx_word' id='word_1_159' title='bbox 1291 2211 1535 2294; x_wconf 90' lang='lat' dir='ltr'><strong>possim</strong></span> <span class='ocrx_word' id='word_1_160' title='bbox 1581 2213 1647 2274; x_wconf 92' lang='lat' dir='ltr'><strong>et</strong></span> <span class='ocrx_word' id='word_1_161' title='bbox 1692 2210 1886 2273; x_wconf 90' lang='lat' dir='ltr'><strong>etiam</strong></span> <span class='ocrx_word' id='word_1_162' title='bbox 1931 2209 2085 2292; x_wconf 89' lang='lat' dir='ltr'><strong>quid</strong></span> 
     </span>
     <span class='ocr_line' id='line_1_23' title="bbox 171 2297 2085 2384; baseline 0.001 -24"><span class='ocrx_word' id='word_1_163' title='bbox 171 2299 435 2362; x_wconf 85' lang='lat' dir='ltr'><strong>acturus</strong></span> <span class='ocrx_word' id='word_1_164' title='bbox 482 2299 587 2384; x_wconf 88' lang='lat' dir='ltr'><strong>sis,</strong></span> <span class='ocrx_word' id='word_1_165' title='bbox 631 2298 816 2364; x_wconf 85' lang='lat' dir='ltr'><strong>valde</strong></span> <span class='ocrx_word' id='word_1_166' title='bbox 861 2302 928 2363; x_wconf 89' lang='lat' dir='ltr'><strong>te</strong></span> <span class='ocrx_word' id='word_1_167' title='bbox 972 2320 1153 2384; x_wconf 90' lang='lat' dir='ltr'><strong>rogo.</strong></span> <span class='ocrx_word' id='word_1_168' title='bbox 1224 2297 1372 2363; x_wconf 86' lang='lat' dir='ltr'><strong>Etsi</strong></span> <span class='ocrx_word' id='word_1_169' title='bbox 1415 2298 1751 2383; x_wconf 90' lang='lat' dir='ltr'><strong>periniquo</strong></span> <span class='ocrx_word' id='word_1_170' title='bbox 1792 2298 2085 2382; x_wconf 88' lang='lat' dir='ltr'><strong>patiebar</strong></span> 
     </span>
     <span class='ocr_line' id='line_1_24' title="bbox 169 2385 2084 2474; baseline 0.001 -25"><span class='ocrx_word' id='word_1_171' title='bbox 169 2385 391 2451; x_wconf 87' lang='lat' dir='ltr'><strong>animo</strong></span> <span class='ocrx_word' id='word_1_172' title='bbox 436 2389 502 2452; x_wconf 87' lang='lat' dir='ltr'><strong>te</strong></span> <span class='ocrx_word' id='word_1_173' title='bbox 550 2409 590 2451; x_wconf 87' lang='lat' dir='ltr'><strong>a</strong></span> <span class='ocrx_word' id='word_1_174' title='bbox 633 2410 735 2452; x_wconf 92' lang='lat' dir='ltr'><strong>me</strong></span> <span class='ocrx_word' id='word_1_175' title='bbox 781 2387 1046 2474; x_wconf 88' lang='lat' dir='ltr'><strong>digredi,</strong></span> <span class='ocrx_word' id='word_1_176' title='bbox 1090 2391 1311 2451; x_wconf 90' lang='lat' dir='ltr'><strong>tamen</strong></span> <span class='ocrx_word' id='word_1_177' title='bbox 1357 2409 1432 2452; x_wconf 95' lang='lat' dir='ltr'><strong>eo</strong></span> <span class='ocrx_word' id='word_1_178' title='bbox 1468 2390 1757 2471; x_wconf 88' lang='lat' dir='ltr'><strong>tempore</strong></span> <span class='ocrx_word' id='word_1_179' title='bbox 1795 2409 1897 2452; x_wconf 93' lang='lat' dir='ltr'><strong>me</strong></span> <span class='ocrx_word' id='word_1_180' title='bbox 1935 2407 2084 2452; x_wconf 82' lang='lat' dir='ltr'><strong>eon-</strong></span> 
     </span>
     <span class='ocr_line' id='line_1_25' title="bbox 169 2474 2084 2559; baseline 0 -20"><span class='ocrx_word' id='word_1_181' title='bbox 169 2474 459 2559; x_wconf 90' lang='lat' dir='ltr'><strong>solabar,</strong></span> <span class='ocrx_word' id='word_1_182' title='bbox 505 2476 677 2559; x_wconf 90' lang='lat' dir='ltr'><strong>quod</strong></span> <span class='ocrx_word' id='word_1_183' title='bbox 723 2479 790 2540; x_wconf 91' lang='lat' dir='ltr'><strong>et</strong></span> <span class='ocrx_word' id='word_1_184' title='bbox 834 2477 904 2540; x_wconf 90' lang='lat' dir='ltr'><strong>in</strong></span> <span class='ocrx_word' id='word_1_185' title='bbox 950 2498 1272 2541; x_wconf 89' lang='lat' dir='ltr'><strong>summum</strong></span> <span class='ocrx_word' id='word_1_186' title='bbox 1318 2476 1522 2541; x_wconf 89' lang='lat' dir='ltr'><strong>otium</strong></span> <span class='ocrx_word' id='word_1_187' title='bbox 1566 2478 1632 2541; x_wconf 92' lang='lat' dir='ltr'><strong>te</strong></span> <span class='ocrx_word' id='word_1_188' title='bbox 1676 2475 1770 2540; x_wconf 93' lang='lat' dir='ltr'><strong>ire</strong></span> <span class='ocrx_word' id='word_1_189' title='bbox 1817 2475 2084 2539; x_wconf 89' lang='lat' dir='ltr'><strong>arbitra-</strong></span> 
     </span>
     <span class='ocr_line' id='line_1_26' title="bbox 166 2563 2084 2667; baseline 0.001 -41"><span class='ocrx_word' id='word_1_190' title='bbox 166 2563 293 2627; x_wconf 85' lang='lat' dir='ltr'><strong>bar</strong></span> <span class='ocrx_word' id='word_1_191' title='bbox 337 2566 404 2628; x_wconf 87' lang='lat' dir='ltr'><strong>et</strong></span> <span class='ocrx_word' id='word_1_192' title='bbox 446 2564 528 2629; x_wconf 88' lang='lat' dir='ltr'><strong>ab</strong></span> <span class='ocrx_word' id='word_1_193' title='bbox 573 2564 1092 2649; x_wconf 83' lang='lat' dir='ltr'><strong>impendentibus</strong></span> <span class='ocrx_word' id='word_1_194' title='bbox 1127 2565 1385 2667; x_wconf 81' lang='lat' dir='ltr'><strong>magnis</strong></span> <span class='ocrx_word' id='word_1_195' title='bbox 1421 2564 1700 2650; x_wconf 87' lang='lat' dir='ltr'><strong>negotiis</strong></span> <span class='ocrx_word' id='word_1_196' title='bbox 1738 2563 2084 2629; x_wconf 85' lang='lat' dir='ltr'><strong>discedere·</strong></span> 
     </span>
    </p>
   </div>
   <div class='ocr_carea' id='block_1_7' title="bbox 168 2653 2270 2737">
    <p class='ocr_par' dir='ltr' id='par_1_7' title="bbox 168 2653 2270 2737">
     <span class='ocr_line' id='line_1_27' title="bbox 168 2653 2270 2737; baseline -0.001 -22"><span class='ocrx_word' id='word_1_197' title='bbox 168 2654 516 2736; x_wconf 86' lang='lat' dir='ltr'><strong>utrumque</strong></span> <span class='ocrx_word' id='word_1_198' title='bbox 562 2656 789 2718; x_wconf 87' lang='lat' dir='ltr'><strong>eontra</strong></span> <span class='ocrx_word' id='word_1_199' title='bbox 834 2653 1088 2737; x_wconf 78' lang='lat' dir='ltr'><strong>accidit3</strong></span> <span class='ocrx_word' id='word_1_200' title='bbox 1142 2653 1290 2719; x_wconf 86' lang='lat' dir='ltr'><strong>istie</strong></span> <span class='ocrx_word' id='word_1_201' title='bbox 1334 2653 1509 2718; x_wconf 89' lang='lat' dir='ltr'><strong>enim</strong></span> <span class='ocrx_word' id='word_1_202' title='bbox 1552 2654 1793 2718; x_wconf 92' lang='lat' dir='ltr'><strong>bellum</strong></span> <span class='ocrx_word' id='word_1_203' title='bbox 1838 2655 1938 2717; x_wconf 88' lang='lat' dir='ltr'><strong>est</strong></span> <span class='ocrx_word' id='word_1_204' title='bbox 1980 2674 2083 2717; x_wconf 86' lang='lat' dir='ltr'><strong>ex·</strong></span> <span class='ocrx_word' id='word_1_205' title='bbox 2122 2666 2153 2713; x_wconf 81' lang='lat'>2</span> <span class='ocrx_word' id='word_1_206' title='bbox 2265 2665 2270 2670; x_wconf 84' lang='grc'><strong><em>’</em></strong></span> 
     </span>
    </p>
   </div>
   <div class='ocr_carea' id='block_1_8' title="bbox 164 2740 2185 3182">
    <p class='ocr_par' dir='ltr' id='par_1_8' title="bbox 164 2740 2185 3182">
     <span class='ocr_line' id='line_1_28' title="bbox 167 2740 2087 2827; baseline 0 -23"><span class='ocrx_word' id='word_1_207' title='bbox 167 2742 407 2825; x_wconf 88' lang='lat' dir='ltr'><strong>ortum,</strong></span> <span class='ocrx_word' id='word_1_208' title='bbox 449 2740 556 2806; x_wconf 86' lang='lat' dir='ltr'><strong>hie</strong></span> <span class='ocrx_word' id='word_1_209' title='bbox 600 2764 728 2826; x_wconf 85' lang='lat' dir='ltr'><strong>pax</strong></span> <span class='ocrx_word' id='word_1_210' title='bbox 773 2745 1135 2827; x_wconf 82' lang='lat' dir='ltr'><strong>consecuta,</strong></span> <span class='ocrx_word' id='word_1_211' title='bbox 1181 2741 1293 2806; x_wconf 87' lang='lat' dir='ltr'><strong>sed</strong></span> <span class='ocrx_word' id='word_1_212' title='bbox 1330 2744 1550 2806; x_wconf 87' lang='lat' dir='ltr'><strong>tamen</strong></span> <span class='ocrx_word' id='word_1_213' title='bbox 1587 2741 1923 2806; x_wconf 89' lang='lat' dir='ltr'><strong>eiusmodi</strong></span> <span class='ocrx_word' id='word_1_214' title='bbox 1941 2762 2087 2825; x_wconf 69' lang='lat' dir='ltr'><strong>pair,</strong></span> 
     </span>
     <span class='ocr_line' id='line_1_29' title="bbox 165 2829 2185 2919; baseline -0 -26"><span class='ocrx_word' id='word_1_215' title='bbox 165 2829 243 2893; x_wconf 92' lang='lat' dir='ltr'><strong>in</strong></span> <span class='ocrx_word' id='word_1_216' title='bbox 292 2850 435 2914; x_wconf 89' lang='lat' dir='ltr'><strong>qua,</strong></span> <span class='ocrx_word' id='word_1_217' title='bbox 481 2830 535 2894; x_wconf 93' lang='lat' dir='ltr'><strong>si</strong></span> <span class='ocrx_word' id='word_1_218' title='bbox 581 2831 854 2916; x_wconf 74' lang='lat' dir='ltr'><strong>adesseS,</strong></span> <span class='ocrx_word' id='word_1_219' title='bbox 897 2832 1104 2896; x_wconf 89' lang='lat' dir='ltr'><strong>multa</strong></span> <span class='ocrx_word' id='word_1_220' title='bbox 1146 2834 1212 2896; x_wconf 89' lang='lat' dir='ltr'><strong>te</strong></span> <span class='ocrx_word' id='word_1_221' title='bbox 1249 2852 1386 2896; x_wconf 92' lang='lat' dir='ltr'><strong>non</strong></span> <span class='ocrx_word' id='word_1_222' title='bbox 1422 2830 1832 2912; x_wconf 82' lang='lat' dir='ltr'><strong>delectarent,</strong></span> <span class='ocrx_word' id='word_1_223' title='bbox 1878 2850 1954 2893; x_wconf 88' lang='lat' dir='ltr'><strong>ea</strong></span> <span class='ocrx_word' id='word_1_224' title='bbox 1989 2831 2085 2892; x_wconf 90' lang='lat' dir='ltr'><strong>ta—</strong></span> <span class='ocrx_word' id='word_1_225' title='bbox 2179 2914 2185 2919; x_wconf 21' lang='grc' dir='ltr'>ι</span> 
     </span>
     <span class='ocr_line' id='line_1_30' title="bbox 167 2879 2085 3003; baseline -0.001 -21"><span class='ocrx_word' id='word_1_226' title='bbox 167 2939 353 3002; x_wconf 90' lang='lat' dir='ltr'><strong>men,</strong></span> <span class='ocrx_word' id='word_1_227' title='bbox 405 2939 568 3001; x_wconf 89' lang='lat' dir='ltr'><strong>quae</strong></span> <span class='ocrx_word' id='word_1_228' title='bbox 628 2940 713 2983; x_wconf 90' lang='lat' dir='ltr'><strong>ne</strong></span> <span class='ocrx_word' id='word_1_229' title='bbox 776 2919 987 3003; x_wconf 89' lang='lat' dir='ltr'><strong>ipsum</strong></span> <span class='ocrx_word' id='word_1_230' title='bbox 1042 2916 1381 2984; x_wconf 83' lang='lat' dir='ltr'><strong>Caesarem</strong></span> <span class='ocrx_word' id='word_1_231' title='bbox 1426 2919 1683 3003; x_wconf 90' lang='lat' dir='ltr'><strong>quidem</strong></span> <span class='ocrx_word' id='word_1_232' title='bbox 1738 2879 2085 3001; x_wconf 78' lang='lat' dir='ltr'><strong>delectant3</strong></span> 
     </span>
     <span class='ocr_line' id='line_1_31' title="bbox 164 3005 2087 3092; baseline -0.001 -21"><span class='ocrx_word' id='word_1_233' title='bbox 164 3005 487 3071; x_wconf 87' lang='lat' dir='ltr'><strong>bellorum</strong></span> <span class='ocrx_word' id='word_1_234' title='bbox 543 3007 716 3072; x_wconf 92' lang='lat' dir='ltr'><strong>enim</strong></span> <span class='ocrx_word' id='word_1_235' title='bbox 770 3007 1052 3073; x_wconf 81' lang='lat' dir='ltr'><strong>civilium</strong></span> <span class='ocrx_word' id='word_1_236' title='bbox 1104 3008 1152 3072; x_wconf 92' lang='lat' dir='ltr'><strong>ii</strong></span> <span class='ocrx_word' id='word_1_237' title='bbox 1206 3029 1457 3092; x_wconf 89' lang='lat' dir='ltr'><strong>semper</strong></span> <span class='ocrx_word' id='word_1_238' title='bbox 1520 3008 1726 3072; x_wconf 83' lang='lat' dir='ltr'><strong>exitus</strong></span> <span class='ocrx_word' id='word_1_239' title='bbox 1781 3008 1959 3090; x_wconf 87' lang='lat' dir='ltr'><strong>sunt,</strong></span> <span class='ocrx_word' id='word_1_240' title='bbox 2011 3010 2087 3070; x_wconf 91' lang='lat' dir='ltr'><strong>ut</strong></span> 
     </span>
     <span class='ocr_line' id='line_1_32' title="bbox 164 3094 2086 3182; baseline -0.001 -23"><span class='ocrx_word' id='word_1_241' title='bbox 164 3116 309 3160; x_wconf 93' lang='lat' dir='ltr'><strong>non</strong></span> <span class='ocrx_word' id='word_1_242' title='bbox 362 3116 438 3160; x_wconf 87' lang='lat' dir='ltr'><strong>ea</strong></span> <span class='ocrx_word' id='word_1_243' title='bbox 491 3096 700 3161; x_wconf 91' lang='lat' dir='ltr'><strong>solum</strong></span> <span class='ocrx_word' id='word_1_244' title='bbox 752 3096 940 3182; x_wconf 88' lang='lat' dir='ltr'><strong>fiant,</strong></span> <span class='ocrx_word' id='word_1_245' title='bbox 995 3118 1158 3180; x_wconf 89' lang='lat' dir='ltr'><strong>quae</strong></span> <span class='ocrx_word' id='word_1_246' title='bbox 1213 3097 1371 3161; x_wconf 79' lang='lat' dir='ltr'><strong>velit</strong></span> <span class='ocrx_word' id='word_1_247' title='bbox 1420 3095 1652 3180; x_wconf 83' lang='lat' dir='ltr'><strong>vietor,</strong></span> <span class='ocrx_word' id='word_1_248' title='bbox 1706 3094 1818 3159; x_wconf 86' lang='lat' dir='ltr'><strong>sed</strong></span> <span class='ocrx_word' id='word_1_249' title='bbox 1872 3095 2086 3179; x_wconf 88' lang='lat' dir='ltr'><strong>etiam,</strong></span> 
     </span>
    </p>
   </div>
   <div class='ocr_carea' id='block_1_9' title="bbox 161 3321 2087 3606">
    <p class='ocr_par' dir='ltr' id='par_1_9' title="bbox 161 3321 2087 3539">
     <span class='ocr_line' id='line_1_33' title="bbox 311 3321 2083 3395; baseline 0 -19"><span class='ocrx_word' id='word_1_250' title='bbox 311 3321 415 3393; x_wconf 88' lang='lat' dir='ltr'><strong>Ep.</strong></span> <span class='ocrx_word' id='word_1_251' title='bbox 457 3329 541 3391; x_wconf 76' lang='lat'><strong>17,</strong></span> <span class='ocrx_word' id='word_1_252' title='bbox 572 3330 619 3379; x_wconf 88' lang='grc'><strong>3.</strong></span> <span class='ocrx_word' id='word_1_253' title='bbox 693 3324 938 3395; x_wconf 76' lang='lat' dir='ltr'><strong>intelliyo</strong></span> <span class='ocrx_word' id='word_1_254' title='bbox 985 3324 1098 3393; x_wconf 85' lang='lat' dir='ltr'><strong>(Dr.</strong></span> <span class='ocrx_word' id='word_1_255' title='bbox 1138 3327 1230 3393; x_wconf 94' lang='grc'><strong>3).</strong></span> <span class='ocrx_word' id='word_1_256' title='bbox 1320 3324 1622 3393; x_wconf 62' lang='lat' dir='ltr'><strong>intelligam</strong></span> <span class='ocrx_word' id='word_1_257' title='bbox 1656 3322 1749 3390; x_wconf 93' lang='grc' dir='ltr'><strong>Μ.,</strong></span> <span class='ocrx_word' id='word_1_258' title='bbox 1786 3322 1975 3391; x_wconf 82' lang='lat' dir='ltr'><strong>vulgo.</strong></span> <span class='ocrx_word' id='word_1_259' title='bbox 2014 3350 2083 3360; x_wconf 93' lang='grc'>-</span> 
     </span>
     <span class='ocr_line' id='line_1_34' title="bbox 162 3391 2087 3466; baseline -0.003 -18"><span class='ocrx_word' id='word_1_260' title='bbox 162 3394 413 3448; x_wconf 79' lang='lat' dir='ltr'><strong>tribuam</strong></span> <span class='ocrx_word' id='word_1_261' title='bbox 450 3395 563 3462; x_wconf 85' lang='grc' dir='ltr'><strong>(Μ.,</strong></span> <span class='ocrx_word' id='word_1_262' title='bbox 601 3395 698 3451; x_wconf 83' lang='lat' dir='ltr'><strong>vul</strong></span> <span class='ocrx_word' id='word_1_263' title='bbox 700 3396 809 3466; x_wconf 85' lang='lat' dir='ltr'><strong>g.o)</strong></span> <span class='ocrx_word' id='word_1_264' title='bbox 883 3396 1120 3451; x_wconf 82' lang='lat' dir='ltr'><strong>tribuere</strong></span> <span class='ocrx_word' id='word_1_265' title='bbox 1155 3394 1236 3461; x_wconf 65' lang='lat' dir='ltr'><strong>Ia„</strong></span> <span class='ocrx_word' id='word_1_266' title='bbox 1273 3394 1335 3449; x_wconf 92' lang='lat' dir='ltr'>B</span> <span class='ocrx_word' id='word_1_267' title='bbox 1416 3394 1518 3463; x_wconf 91' lang='lat' dir='ltr'><strong>Ep</strong></span> <span class='ocrx_word' id='word_1_268' title='bbox 1561 3399 1723 3460; x_wconf 84' lang='lat'><strong>18,1.</strong></span> <span class='ocrx_word' id='word_1_269' title='bbox 1796 3391 2087 3446; x_wconf 78' lang='lat' dir='ltr'><strong>denuntia-</strong></span> 
     </span>
     <span class='ocr_line' id='line_1_35' title="bbox 161 3412 1765 3539; baseline -0.001 -20"><span class='ocrx_word' id='word_1_270' title='bbox 161 3470 287 3520; x_wconf 80' lang='lat' dir='ltr'><strong>tum</strong></span> <span class='ocrx_word' id='word_1_271' title='bbox 323 3470 399 3518; x_wconf 82' lang='lat' dir='ltr'><strong>est</strong></span> <span class='ocrx_word' id='word_1_272' title='bbox 435 3466 605 3536; x_wconf 83' lang='lat' dir='ltr'><strong>(W.)·?</strong></span> <span class='ocrx_word' id='word_1_273' title='bbox 644 3496 710 3506; x_wconf 88' lang='lat'><em>—</em></span> <span class='ocrx_word' id='word_1_274' title='bbox 747 3468 1069 3539; x_wconf 67' lang='lat' dir='ltr'><strong>intelligere,</strong></span> <span class='ocrx_word' id='word_1_275' title='bbox 1104 3471 1156 3522; x_wconf 79' lang='lat' dir='ltr'><strong>te</strong></span> <span class='ocrx_word' id='word_1_276' title='bbox 1194 3465 1344 3534; x_wconf 87' lang='lat' dir='ltr'><strong>(W..)</strong></span> <span class='ocrx_word' id='word_1_277' title='bbox 1417 3466 1455 3519; x_wconf 75' lang='lat' dir='ltr'><strong>i.</strong></span> <span class='ocrx_word' id='word_1_278' title='bbox 1465 3412 1542 3519; x_wconf 75' lang='lat' dir='ltr'><strong>pte</strong></span> <span class='ocrx_word' id='word_1_279' title='bbox 1578 3464 1765 3532; x_wconf 78' lang='lat' dir='ltr'><strong>vngO.</strong></span> 
     </span>
    </p>

    <p class='ocr_par' dir='ltr' id='par_1_10' title="bbox 277 3552 1651 3606">
     <span class='ocr_line' id='line_1_36' title="bbox 277 3552 1651 3606; baseline 0.001 -12"><span class='ocrx_word' id='word_1_280' title='bbox 277 3552 504 3596; x_wconf 76' lang='lat' dir='ltr'><strong>Ciceronis</strong></span> <span class='ocrx_word' id='word_1_281' title='bbox 533 3556 658 3606; x_wconf 64' lang='lat' dir='ltr'><strong>epm.</strong></span> <span class='ocrx_word' id='word_1_282' title='bbox 685 3557 723 3598; x_wconf 83' lang='grc' dir='ltr'><strong>Ι.</strong></span> <span class='ocrx_word' id='word_1_283' title='bbox 1584 3556 1651 3603; x_wconf 76' lang='grc'><strong>26</strong></span> 
     </span>
    </p>
   </div>
  </div>
 </body>
</html>
