2338 3691
235 129 370 193 460
803 130 878 185 Μ.
919 128 1164 184 TULLII
1201 129 1581 186 CICERONIS

236 273 722 339 familiaritatis·
766 273 928 338 haec
964 296 1162 359 quum
1199 276 1291 340 ita
1328 275 1478 360 sint,
1522 298 1657 341 non
1704 275 1947 360 dubit0,
1994 277 2154 361 quin

237 362 356 427 tibi
378 363 532 427 satis
554 363 1036 428 commendatus
1067 365 1177 447 sit3
1207 365 1443 428 etenim
1473 386 1550 429 ex
1577 365 1797 429 multis
1827 386 2152 450 cognosco

236 472 446 515 meam
494 452 1116 517 commendationem
1169 453 1519 536 plurimum
1575 454 1745 538 apud
1798 457 1865 517 te
1919 455 2152 518 valere.

235 537 429 603 Hunc
475 560 596 625 ego
644 562 682 604 a
720 538 992 606 Caesare
1037 541 1332 625 liberavi3
1377 542 1678 626 frequens
1721 542 1894 606 enim
1937 542 2157 606 fuerat

236 627 600 712 nobiscum,
654 633 846 713 atque
903 630 1098 695 etiam
1153 631 1393 695 diutius
1446 632 1517 694 in
1564 652 1757 696 causa
1802 634 1902 695 est
1956 653 2154 714 quam

235 737 358 780 nos
404 721 835 782 commoratus
845 770 862 803 ,
917 741 1043 803 quo
1098 719 1327 784 melius
1380 723 1447 783 te
1502 721 1578 784 de
1634 741 1710 784 eo
1757 719 2153 784 existimatu-

235 826 380 868 rum
426 806 729 890 arbitror3
781 808 886 872 fac
930 809 1156 893 igitur,
1202 809 1290 872 mi
1334 807 1499 892 Rex,
1544 812 1620 874 ut
1662 809 1989 894 intelligat
2032 807 2152 872 has

237 892 362 958 sibi
406 894 656 959 litteras
700 896 1049 981 plurimum
1094 897 1433 981 profuisse

1102 1074 1276 1139 LIII.

646 1233 651 1237 ,
752 1176 865 1232 Ser.
903 1177 965 1231 in
1003 1177 1202 1233 Cilicia
1237 1196 1287 1232 a.
1325 1198 1379 1233 u.
1417 1195 1463 1233 c.
1505 1181 1624 1233 703.

643 1298 905 1357 CICERO
945 1296 1251 1358 THERMO
1289 1304 1545 1360 PROPR.
1588 1301 1741 1357 SAL.

369 1389 443 1458 L.
495 1390 830 1458 Genucilio
886 1391 1097 1459 Curvo
1152 1394 1532 1480 iampridem
1583 1398 1735 1460 utor
1787 1392 2151 1458 familiaris-

239 1481 415 1566 sime,
461 1483 706 1566 optimo
753 1483 891 1547 viro
939 1486 1004 1547 et
1046 1482 1309 1548 homine
1356 1484 1742 1569 gratissimo.
1812 1481 1985 1546 Eum
2031 1481 2151 1544 tibi

236 1571 494 1653 penitus
542 1572 919 1636 commendo
966 1574 1158 1655 atque
1204 1573 1416 1637 trado:
1475 1572 1781 1657 primum,
1825 1574 1900 1635 ut
1946 1570 2150 1635 omni-

237 1659 358 1723 bus
403 1660 473 1723 in
517 1659 710 1724 rebus
765 1660 824 1724 ei
879 1660 1273 1745 commodae,
1324 1661 1536 1745 quoad
1579 1661 1738 1724 fides
1784 1663 1897 1722 tua
1944 1658 2150 1743 digni-

235 1750 464 1849 tasque
517 1749 823 1832 patietur3
876 1749 1159 1832 patietur
1212 1753 1427 1814 autem
1480 1751 1552 1813 in
1606 1749 1932 1830 omnibus,
1985 1746 2151 1811 nihil

237 1835 411 1899 enim
465 1836 580 1901 abs
633 1840 701 1901 te
755 1859 1090 1923 umquam,
1149 1839 1319 1922 quod
1377 1839 1462 1904 sit
1515 1838 1796 1903 alienum
1848 1835 1980 1901 tuis
2039 1838 2154 1900 aut

238 1924 433 1988 etiam
496 1925 629 1989 suis
691 1927 1003 2009 moribus,
1074 1927 1457 2011 postulabit3
1528 1927 1868 2012 praecipue
1934 1928 2153 1989 autem

237 2012 359 2077 tibi
412 2013 790 2079 commendo
844 2014 1108 2099 negotia
1162 2016 1325 2100 eius,
1389 2037 1552 2100 quae
1607 2021 1759 2080 sunt
1810 2016 1882 2078 in
1934 2011 2153 2077 Helle-

238 2105 494 2204 spont0,
537 2102 836 2185 primum,
879 2107 954 2167 ut
999 2103 1292 2168 obtineat
1335 2104 1401 2168 id
1446 2104 1603 2169 iuris
1639 2105 1711 2168 in
1747 2103 1939 2188 agriS,
1977 2101 2151 2186 quod

236 2191 297 2255 ei
342 2189 621 2255 Pariana
665 2191 892 2256 civitas
937 2192 1219 2256 decrevit
1260 2196 1326 2257 et
1369 2193 1546 2258 dedit
1591 2197 1656 2257 et
1692 2192 1863 2276 quod
1900 2212 2153 2274 semper

237 2271 521 2345 obtinuit
557 2281 696 2344 sine
730 2280 865 2345 ulla
901 2281 1357 2365 controversia,
1395 2282 1641 2366 deinde,
1682 2282 1737 2346 si
1774 2280 1928 2365 quid
1954 2279 2152 2343 habe·

234 2367 337 2431 bit
398 2389 544 2434 cum
606 2369 823 2452 aliquo
885 2368 1334 2471 Hellespontio
1381 2370 1880 2452 controversiae,
1944 2372 2021 2432 ut
2081 2368 2153 2431 in

235 2456 418 2521 illam
454 2457 790 2541 διοίκησιν
824 2458 1091 2522 reficias,
1164 2456 1291 2523 Sed
1318 2481 1454 2524 non
1489 2459 1649 2523 mihi
1675 2420 1915 2540 videoi,
1950 2477 2152 2540 quum

235 2546 359 2610 tibi
411 2548 624 2610 totum
685 2546 1015 2612 hominem
1078 2547 1565 2633 diligentissime
1630 2544 2153 2627 commendarim,

238 2634 527 2720 singulas
556 2635 638 2699 ad
664 2638 731 2699 te
751 2636 887 2701 eius
915 2657 1142 2700 causas
1161 2636 1553 2721 perscribere
1582 2636 1829 2700 debere.
1884 2631 2153 2698 Summa

235 2723 351 2787 illa
396 2726 518 2789 est·
565 2723 875 2808 quidquid
922 2724 1136 2807 officii,
1182 2724 1492 2808 beneficii,
1535 2722 1857 2789 honoris
1837 2745 1910 2787 m
1937 2721 2150 2786 Genu-

237 2811 455 2877 cilium
501 2813 868 2896 contuleris,
910 2812 977 2876 id
1022 2816 1086 2876 te
1133 2813 1510 2878 existimabo
1556 2813 1629 2877 in
1662 2834 1766 2877 me
1803 2812 2017 2896 ipsum
2054 2813 2135 2875 at-

237 2921 362 2985 que
405 2900 479 2966 in
520 2922 657 2965 rem
702 2921 913 2965 meam
958 2902 1326 2967 contulisse.

1102 3077 1272 3143 LIV.

513 3179 628 3236 Scr.
665 3181 975 3236 Laodiceae
1011 3197 1202 3235 mense
1238 3180 1445 3237 Martio
1483 3197 1532 3236 a.
1570 3200 1624 3236 u.
1664 3197 1710 3237 c.
1750 3186 1868 3236 704.

644 3284 906 3341 CICERO
948 3286 1255 3343 THERMO
1294 3287 1553 3343 PROPR.
1593 3287 1742 3345 SAL.

372 3370 581 3447 Quum
625 3378 831 3442 multa
865 3378 1023 3443 mihi
1064 3383 1255 3464 grata
1291 3384 1461 3463 sunt,
1506 3401 1670 3463 quae
1715 3383 1789 3443 tu
1834 3379 2161 3458 adductus,

236 3477 383 3521 mea
437 3466 989 3530 commendatione
1042 3467 1281 3552 fecisti,
1343 3471 1484 3532 tum
1528 3469 1598 3532 in
1658 3467 1910 3553 primis,
1972 3465 2142 3552 quod
