2338 3691
223 124 353 188 268
789 121 862 175 Μ.
896 119 1144 174 TULLII
1187 118 1570 174 CICERONIS

225 281 356 333 sive
412 288 548 333 non
599 265 1077 350 probabuntur,
1132 263 1214 329 ab
1271 263 1516 364 optimo
1563 266 1735 328 certe
1791 262 2007 328 animo
2065 281 2154 328 ac

223 355 618 422 deditissimo
664 354 786 419 tibi
839 356 906 418 et
951 354 1238 438 cogitata
1291 355 1358 416 et
1403 345 1644 437 sc’ripta
1698 373 1836 417 esse
1879 351 2153 416 iudices.

153 459 187 508 2
222 443 703 510 Animadvertis
750 441 867 508 Cn.
923 441 1303 527 Pompeium
1356 463 1477 506 nec
1529 441 1813 507 nominis
1867 441 1967 506 sui
2021 461 2151 504 nec

223 555 439 598 rerum
484 536 826 619 gestarum
859 531 1068 618 gloria
1121 552 1329 615 neque
1376 530 1571 595 etiam
1624 551 1853 616 regum
1907 551 1983 592 ac
2027 551 2149 592 na-

222 622 477 687 tionum
541 620 881 706 clientelis,
959 641 1119 704 quas
1185 621 1512 685 ostentare
1576 619 1800 684 crebro
1874 618 2149 702 solebat,

225 732 364 774 esse
408 712 643 794 tutum,
688 712 756 774 61
796 710 922 775 hoc
958 709 1183 792 etiam,
1228 708 1400 792 quod
1443 708 1667 772 infimo
1715 707 1944 791 cuique
1989 728 2146 772 con-

223 798 452 884 tingit,
512 799 610 862 illi
667 819 804 863 non
847 819 1037 882 posse
1084 797 1489 882 contingere,
1540 799 1617 861 ut
1665 796 1939 861 honeste
1985 795 2147 860 effu-

225 907 376 972 gere
421 888 655 971 possit,
708 888 896 971 pulso
951 886 1171 971 Italia,
1225 886 1478 951 amissis
1535 884 1889 969 Hispaniis,
1948 887 2145 967 capto

223 977 505 1041 exercitu
539 979 866 1060 veterano,
902 975 1382 1040 circumvallato
1419 995 1595 1039 nunc
1631 974 1924 1058 denique,
1967 973 2145 1056 quod

222 1065 440 1130 nescio
497 1086 581 1128 an
635 1065 800 1129 nulli
861 1086 1169 1148 umquam
1230 1067 1466 1129 nostro
1511 1062 1815 1128 acciderit
1865 1063 2146 1146 impera-

221 1153 369 1218 tori.
458 1152 919 1238 Quamobrem,
965 1153 1118 1237 quid
1165 1156 1280 1217 aut
1321 1152 1429 1216 ille
1477 1173 1733 1236 sperare
1774 1151 1983 1253 possit
2028 1154 2146 1216 aut

223 1244 324 1326 tu,
387 1243 675 1308 animum
733 1242 993 1307 adverte
1046 1263 1166 1325 pro
1230 1244 1346 1305 tua
1397 1241 1769 1324 prudentia3
1831 1241 1923 1304 sic
1967 1240 2145 1303 enim

223 1330 548 1416 facillime,
594 1331 765 1415 quod
808 1330 931 1395 tibi
974 1330 1390 1395 utilissimum
1435 1330 1557 1394 erit
1593 1329 1862 1411 consilii,
1907 1329 2144 1413 capies.

223 1417 394 1483 Illud
441 1422 657 1484 autem
700 1439 746 1484 a
785 1423 852 1484 te
886 1422 1059 1504 peto,
1102 1423 1195 1504 ut,
1238 1419 1297 1483 si
1329 1419 1463 1482 iam
1497 1418 1607 1483 ille
1644 1417 1980 1483 evitaverit
2015 1417 2141 1482 hoc

223 1508 579 1591 periculum
625 1511 692 1572 61
736 1530 803 1572 se
850 1507 1169 1572 abdiderit
1209 1506 1282 1571 in
1323 1509 1612 1592 classem,
1653 1511 1729 1572 tu
1771 1507 1901 1571 tuis
1947 1505 2141 1570 rebus

225 1597 526 1661 consulas
581 1600 648 1660 et
700 1596 1048 1680 aliquando
1103 1596 1226 1660 tibi
1278 1596 1496 1679 potius
1547 1618 1745 1681 quam
1802 1595 2003 1660 cuivis
2052 1596 2139 1659 sis

226 1684 494 1749 amicus:
560 1684 964 1749 satisfactum
1028 1688 1127 1749 est
1187 1684 1320 1749 iam
1383 1706 1422 1748 a
1465 1687 1531 1747 te
1592 1685 1697 1748 vel
1759 1683 1973 1749 officio
2035 1683 2139 1747 vel

223 1772 679 1856 familiaritati,
740 1774 1144 1838 satisfactum
1209 1773 1403 1837 etiam
1466 1774 1759 1857 partibus
1815 1776 1881 1837 et
1934 1772 1993 1836 ei
2045 1772 2138 1837 rei

153 1884 187 1933 8
224 1861 540 1945 publicae,
584 1882 780 1945 quam
824 1865 896 1927 tu
932 1863 1274 1947 probabas.
1344 1862 1691 1945 Reliquum
1736 1866 1852 1946 est,
1894 1867 1981 1941 ut,
2026 1862 2139 1926 ubi

226 1971 399 2013 nunc
445 1955 545 2015 est
587 1972 690 2016 res
734 1951 1012 2035 publica,
1054 1952 1149 2016 ibi
1194 1952 1393 2016 simus
1438 1951 1675 2053 potiuS,
1719 1973 1940 2036 quam,
1986 1950 2137 2015 dum

224 2039 406 2102 1116111
466 2042 748 2104 veterem
811 2061 1181 2124 sequamur,
1244 2041 1444 2105 simus
1507 2040 1579 2104 in
1640 2041 1838 2104 nulla.
1922 2002 2137 2115 Quare

226 2126 597 2212 11611111,1111
640 2128 1099 2194 iucundissime
1156 2124 1409 2212 Cicero,
1473 2129 1528 2192 si
1580 2128 1747 2193 forte
1792 2128 2136 2213 Pompeius

225 2216 451 2300 pulsus
494 2215 597 2282 his
634 2239 888 2302 quoque
923 2218 1083 2282 locis
1122 2238 1346 2282 rursus
1383 2217 1541 2281 alias
1577 2217 1876 2303 regiones
1920 2221 2137 2302 petere

228 2308 517 2390 cogatur,
560 2309 636 2370 ut
676 2309 751 2371 tu
796 2310 861 2371 te
905 2307 1009 2371 vel
1043 2305 1339 2371 Athenas
1384 2306 1486 2370 vel
1530 2306 1602 2371 in
1637 2307 1928 2390 quamvis
1965 2306 2136 2391 quie-

225 2395 366 2458 tam
408 2394 680 2479 recipias
726 2395 1079 2478 civitatem3
1124 2395 1297 2479 quod
1343 2394 1399 2459 si
1435 2395 1558 2459 eris
1594 2395 1903 2479 facturus,
1947 2395 2135 2460 velim
2249 2415 2262 2424 ·

226 2482 389 2547 mihi
443 2484 712 2568 scribaS,
773 2487 849 2548 ut
902 2504 1052 2569 ego,
1116 2484 1171 2547 si
1228 2483 1361 2549 ullo
1407 2483 1600 2549 modo
1646 2488 1900 2568 potero,
1946 2484 2028 2547 ad
2072 2488 2136 2548 16

228 2572 540 2637 advolem.
630 2572 1080 2656 Quaecumque
1135 2571 1214 2636 de
1266 2575 1383 2637 tua
1436 2572 1753 2658 dignitate
1805 2573 1888 2637 ab
1940 2573 2133 2656 impe-

226 2664 442 2727 ratore
489 2664 681 2726 erunt
721 2660 1155 2745 impetranda,
1211 2683 1338 2744 qua
1391 2664 1491 2726 est
1532 2662 1937 2726 humanitate
1984 2659 2134 2727 Cae-

229 2771 361 2836 sar,
412 2750 792 2815 facillimum
848 2750 971 2815 erit
1026 2750 1108 2813 ab
1164 2771 1240 2814 eo
1295 2749 1418 2814 tibi
1470 2750 1599 2835 ipsi
1651 2750 2044 2852 impetrare,
2074 2755 2134 2815 61

226 2860 405 2905 meas
448 2833 671 2904 tainen
713 2860 935 2923 preces
981 2838 1153 2922 apud
1191 2860 1338 2903 eum
1373 2860 1508 2903 non
1542 2840 1883 2903 minimum
1922 2842 2134 2904 aucto-

227 2928 438 2993 ritatis
499 2928 837 2993 habituras
898 2931 1076 3012 puto.
1163 2926 1313 2992 Erit
1362 2930 1514 2992 tuae
1570 2949 1824 3012 quoque
1880 2928 2031 2992 fidei
2074 2932 2137 2994 et

225 3014 652 3096 humanitatis
705 3037 955 3100 curare,
1008 3020 1084 3081 ut
1132 3016 1193 3080 is
1236 3016 1637 3101 tabellarius,
1694 3038 1885 3101 quem
1939 3016 2023 3081 ad
2072 3021 2135 3082 te

227 3123 403 3252 111161,
438 3105 698 3253 treverti
759 3105 968 3189 possit
1030 3105 1112 3169 ad
1174 3126 1278 3169 me
1340 3109 1408 3169 et
1461 3127 1501 3169 a
1551 3108 1619 3169 te
1677 3105 1837 3170 mihi
1889 3106 2136 3172 litteras

224 3210 297 3252 re
329 3211 437 3253 era
470 3240 485 3254 .

369 3378 474 3447 Ep.
513 3386 563 3446 9,
593 3386 641 3433 2.
716 3385 984 3454 continqit
1021 3386 1169 3456 (W.).
1248 3387 1476 3457 contiyit
1510 3387 1602 3456 M„
1639 3387 1826 3459 vulgo.
