2338 3691
176 106 215 170 8
747 106 822 160 M.
853 105 1098 162 TULLII
1136 105 1518 163 CICERONIS

174 251 302 315 illis
346 250 560 314 fraudi
607 272 800 334 quam
843 251 963 315 tibi
1007 250 1314 315 futurum.
1387 247 1447 315 A
1493 272 1595 315 me
1640 252 1893 316 nullum
1923 255 2091 317 tem-

174 361 296 423 pus
342 339 875 424 praetermittitur
921 339 996 405 de
1039 340 1168 404 tuis
1206 339 1396 404 rebus
1433 344 1500 403 et
1535 339 1772 424 agendi
1807 343 1873 404 et
1913 342 2091 426 cogi·

175 427 385 511 tandi3
427 430 577 493 utor
622 427 703 491 ad
751 427 968 492 omnia
1014 425 1084 502 Q.
1134 425 1397 513 Selicio,
1448 449 1657 511 neque
1711 429 1882 492 enim
1937 452 2091 513 pru-

176 516 532 581 dentiorem
569 538 956 600 quemquam
990 537 1066 579 ex
1102 516 1232 581 tuis
1267 538 1475 602 neque
1511 516 1636 581 fide
1677 518 1918 584 maiore
1947 540 2091 582 esse

176 605 387 670 iudico
433 626 642 688 neque
690 604 1114 671 amantiorem
1157 605 1274 670 tui.

1033 798 1115 864 V.
1158 799 1221 864 b.

239 909 352 965 Ser.
380 910 590 967 Romae
617 928 807 967 mense
835 911 1140 966 Februario
1172 912 1325 980 (post
1348 910 1442 964 VI.
1472 910 1624 980 Idus)
1654 927 1703 965 a.
1731 929 1786 966 u.
1815 928 1861 966 c.
1893 918 2011 966 698.

457 1034 531 1105 M.
562 1034 817 1090 CICERO
857 1033 910 1088 S.
939 1033 1005 1087 D.
1035 1034 1094 1087 P.
1123 1033 1469 1089 LENTULO
1506 1034 1800 1090 PROCOS.

308 1133 435 1199 Hic
482 1156 644 1218 quae
691 1137 970 1219 agantur
1015 1154 1303 1218 quaeque
1350 1139 1495 1198 acta
1541 1135 1690 1219 sint,
1739 1131 1860 1222 [ea]
1907 1138 1973 1200 te
2019 1139 2090 1199 et

174 1222 407 1287 litteris
452 1224 819 1288 multorum·
839 1227 905 1287 et
938 1222 1185 1286 nuntiis
1223 1243 1534 1308 cognosse
1571 1224 1877 1307 arbitror3
1921 1245 2087 1308 quae

177 1315 393 1377 autem
435 1313 650 1396 posita
705 1314 857 1376 sunt
906 1309 978 1374 in
1023 1311 1392 1376 coniectura
1446 1333 1733 1396 quaeque
1786 1311 2088 1392 videntur

174 1400 342 1484 fore,
397 1423 473 1465 ea
525 1404 684 1486 puto
740 1400 860 1465 tibi
916 1421 956 1464 a
1008 1420 1110 1463 me
1166 1399 1358 1464 scribi
1414 1403 1726 1484 oportere.
1823 1400 2083 1465 Postea-

178 1510 372 1572 quam
413 1489 758 1574 Pompeius
804 1491 870 1553 et
914 1487 1085 1571 apud
1138 1489 1450 1572 populum
1496 1511 1551 1552 a.
1598 1488 1657 1552 d.
1704 1487 1885 1553 VIII.
1929 1488 2085 1553 Idus

176 1574 576 1660 Februarias,
622 1598 818 1660 quum
863 1598 981 1660 pro
1019 1575 1262 1640 Milone
1311 1577 1564 1661 diceret,
1609 1577 1885 1640 clamore
1932 1598 2084 1641 con-

177 1664 468 1748 vicioque
513 1665 789 1729 iactatus
837 1667 935 1728 est
972 1665 1044 1727 in
1090 1668 1446 1749 senatuque
1484 1687 1523 1729 a
1568 1663 1809 1729 Catone
1856 1685 2082 1748 aspere

178 1755 244 1815 et
306 1752 532 1817 acerbe
593 1753 864 1816 nimium
926 1773 1166 1837 magno
1242 1753 1497 1819 silentio
1569 1755 1666 1816 est
1727 1755 2083 1836 accusatus,

178 1840 352 1906 visus
399 1844 498 1905 est
541 1841 701 1906 mihi
744 1841 1156 1906 vehementer
1203 1864 1339 1907 esse
1384 1840 1819 1927 perturbatus;
1863 1840 2083 1926 itaque

178 1928 618 1994 Alexandrina
672 1951 890 2013 causa,
953 1952 1116 2014 quae
1171 1931 1360 1996 nobis
1415 1932 1624 1996 adhuc
1644 1930 1933 2015 ,integra
1987 1933 2086 1995 est

180 2054 264 2063 —
310 2018 476 2081 nihil
529 2019 702 2082 enim
754 2019 875 2083 tibi
929 2018 1207 2083 detraxit
1261 2024 1522 2084 senatus
1576 2019 1704 2084 nisi
1756 2019 1849 2102 id,
1914 2019 2084 2102 quod

177 2127 293 2190 per
347 2106 615 2171 eandem
667 2108 1045 2192 religionem
1101 2108 1241 2184 dari
1294 2109 1480 2172 alteri
1531 2130 1667 2174 non
1720 2110 1936 2191 potest
1980 2143 2086 2192 —-,

179 2194 431 2259 videtur
475 2196 556 2260 ab
601 2195 713 2259 illo
760 2197 951 2279 plane
1006 2217 1143 2260 esse
1201 2197 1509 2280 deposita.
1597 2194 1789 2261 Nunc
1834 2197 1900 2260 id
1946 2217 2084 2280 spe·

179 2304 395 2347 ramus
440 2283 631 2368 idque
676 2285 994 2369 molimur,
1036 2288 1111 2348 ut
1149 2306 1280 2368 rex,
1338 2307 1536 2369 quum
1571 2284 1894 2370 intelligat
1930 2306 2086 2369 sese,

181 2372 352 2456 quod
407 2373 760 2458 cogitabat,
822 2377 898 2438 ut
950 2394 988 2436 a
1041 2372 1348 2457 Pompeio
1403 2373 1769 2457 reducatur,
1832 2373 2087 2457 assequi

179 2482 315 2525 non
358 2482 547 2545 posse
594 2463 677 2546 et,
720 2462 847 2526 nisi
882 2483 997 2546 per
1032 2464 1095 2526 te
1135 2462 1220 2525 sit
1263 2462 1616 2545 restitutus,
1660 2461 1982 2527 desertum
2019 2483 2086 2526 se

181 2553 373 2633 atque
419 2550 738 2624 abiectum
782 2549 942 2633 fore,
984 2550 1428 2632 proficiscatur
1464 2550 1546 2614 ad
1590 2554 1679 2614 te:
1731 2549 1903 2634 quod
1948 2550 2095 2613 sine⁴

180 2638 312 2702 ulla
358 2637 777 2722 dubitatione,
823 2638 878 2702 si
917 2636 1261 2721 Pompeius
1308 2639 1596 2722 paullum
1635 2638 1827 2703 modo
1875 2641 2087 2703 osten·

181 2725 346 2790 derit
391 2726 513 2791 sibi
556 2727 828 2810 placere,
870 2725 1082 2808 faciet,
1128 2725 1239 2789 sed
1283 2727 1459 2791 nosti
1493 2727 1775 2792 hominis
1820 2726 2087 2791 tardita-

179 2817 312 2878 tem
339 2818 405 2879 et
430 2814 965 2896 taciturnitatem3
1010 2835 1131 2878 nos
1158 2818 1380 2880 tamen
1414 2815 1597 2900 nihil,
1632 2816 1804 2899 quod
1836 2814 1917 2879 ad
1946 2836 2090 2878 eam

178 2924 315 2967 rem
342 2903 680 2987 pertineat,
706 2903 1295 2986 praetermittimus.
1358 2901 1601 2967 Ceteris
1627 2903 1897 2987 iniuriiS,
1924 2925 2091 2986 quae

179 2991 547 3075 propositae
594 2994 747 3055 sunt
791 3013 830 3055 a
875 2988 1150 3076 Catone,
1191 2992 1408 3076 facile„
1461 2994 1535 3055 ut
1579 3013 1765 3076 spero
1776 3043 1795 3077 ,
1837 2992 2092 3055 resiste-

179 3102 340 3143 mus.
428 3077 728 3144 Amicum
781 3101 857 3144 ex
912 3081 1355 3145 consularibus
1409 3081 1733 3145 neminem
1785 3080 1906 3144 tibi
1951 3100 2091 3144 esse

179 3168 365 3233 video
411 3172 666 3251 praeter
708 3168 1131 3234 Hortensium
1177 3172 1243 3233 et
1287 3168 1653 3252 Lucullum3
1699 3169 1894 3233 ceteri
1939 3171 2095 3231 sunt

320 3376 423 3445 Ep.
464 3382 511 3430 5.
540 3377 596 3431 b.
637 3384 683 3431 1.
754 3377 885 3443 sint,
924 3377 1026 3445 [ea]
1066 3382 1115 3432 te
1152 3377 1302 3446 (W.).
1376 3394 1438 3444 s.,
1475 3394 1540 3432 ea
1575 3382 1626 3432 te
1659 3377 1788 3431 ΜΒ.
1846 3381 2096 3446 aqwntur

182 3486 197 3501 .
217 3486 232 3500 .
253 3486 267 3500 .
303 3452 450 3512 swnt,
485 3463 549 3501 ea
587 3447 757 3510 (ΨΜ)
793 3478 864 3487 -
901 3463 1213 3517 coqnoscere
1248 3447 1394 3515 (edd.
1432 3450 1630 3517 vett.)?
1751 3475 1756 3478 ,
