2338 3691
676 183 1192 240 EPISTULARUM
1227 184 1374 240 XIII.
1415 190 1639 239 52-55.
1980 185 2108 248 461

197 329 286 395 Μ.
330 328 723 413 Marcilium,
778 329 966 394 amici
1023 333 1216 415 atque
1279 330 1650 414 interpretis
1711 330 1839 395 mei
1891 330 2113 415 filium,

197 416 645 484 liberalissime
698 418 1084 502 tractavisti3
1146 418 1325 484 venit
1384 418 1555 483 enim
1609 417 1995 484 Laodiceam
2048 422 2116 483 et

198 508 322 573 tibi
367 507 539 592 apud
593 527 696 571 me
741 507 1026 592 mihique
1083 510 1347 591 propter
1391 511 1457 571 te
1513 508 1756 593 gratias
1801 507 2112 572 maximas

200 596 356 682 egit.
444 595 685 679 Quare,
747 595 919 679 quod
971 596 1289 680 reliquum
1344 599 1478 679 est,
1523 619 1564 660 a
1616 599 1682 661 te
1724 599 1904 680 peto,
1957 618 2113 681 quo·

200 686 380 750 niam
426 683 597 769 apud
642 687 863 770 gratos
907 684 1203 749 homines
1246 685 1628 750 beneficium
1665 685 1875 769 ponis,
1918 688 1993 748 ut
2037 706 2113 749 eo

201 773 510 838 libentius
555 772 635 838 iis
682 773 1046 838 commodes
1093 795 1478 859 operamque
1526 774 1655 858 deS,
1700 773 1912 858 quoad
1956 773 2113 838 fides

201 866 320 926 tua
381 862 688 946 patietur,
750 865 827 925 ut
889 883 1108 927 socrus
1179 862 1603 928 adolescentis
1664 884 1776 927 rea
1837 884 1920 926 ne
1982 862 2114 926 fiat.

203 949 353 1035 Ego
392 972 591 1034 quum
627 953 820 1015 antea
857 951 1140 1015 studiose
1179 952 1707 1017 commendabam
1734 950 2115 1034 Marcilium,

202 1043 347 1103 tum
392 1040 596 1104 multo
642 1061 816 1104 nunc
864 1039 1243 1124 studiosius,
1289 1040 1461 1124 quod
1504 1040 1575 1104 in
1618 1041 1818 1125 longa
1862 1041 2114 1124 appari-

203 1128 383 1192 tione
431 1128 824 1213 singularem
870 1132 936 1192 et
978 1150 1180 1213 prope
1225 1128 1663 1193 incredibilem
1705 1128 1910 1212 patris
1945 1127 2115 1192 Mar-

209 1217 340 1280 cilii
382 1216 593 1301 fidem,
636 1216 1095 1282 abstinentiam
1140 1218 1645 1302 modestiamque
1690 1217 1984 1302 cognovi.

1089 1394 1226 1460 LV.

317 1496 431 1552 Scr.
468 1496 528 1552 in
564 1496 762 1553 Cilicia
796 1501 1032 1554 exeunte
1068 1514 1257 1554 mense
1291 1498 1588 1554 Decembri
1623 1514 1671 1552 a.
1712 1516 1763 1552 u.
1803 1513 1850 1552 c.
1890 1500 2009 1551 703.

614 1621 873 1678 CICERO
912 1622 1217 1676 THERMO
1254 1620 1512 1677 PROPR.
1551 1618 1701 1676 SAL.

342 1710 486 1776 Etsi
514 1712 673 1777 mihi
699 1714 920 1778 videor
954 1714 1361 1798 intellexisse,
1399 1734 1610 1798 quum·
1632 1715 1846 1777 tecum
1871 1710 2116 1796 Ephesi

209 1799 290 1864 de
336 1822 404 1866 re
440 1800 528 1866 M.
565 1801 822 1886 Anneii,
866 1803 1066 1888 legati
1111 1803 1256 1887 mei,
1299 1804 1553 1869 locutus
1600 1824 1760 1886 sum,
1804 1805 1869 1866 te
1914 1800 2115 1886 ipsius

208 1910 406 1954 causa
458 1891 869 1955 vehementer
924 1893 1140 1956 omnia
1193 1892 1383 1976 velle,
1435 1897 1656 1956 tamen
1710 1893 1775 1955 et
1836 1890 1923 1955 M.
1983 1891 2116 1955 An-

207 1976 429 2042 neium
473 1980 643 2043 tanti
687 1979 874 2063 faciO,
918 1985 992 2044 ut
1037 1980 1198 2044 mihi
1241 1980 1404 2045 nihil
1447 1984 1668 2064 putem
1715 1979 2116 2064 praetermit-

207 2067 502 2151 tendum,
560 2068 729 2151 quod
774 2069 945 2132 illius
989 2069 1272 2153 intersit,
1318 2073 1384 2133 et
1428 2090 1528 2132 me
1576 2091 1615 2132 a
1657 2072 1723 2132 te
1767 2068 1935 2132 tanti
1980 2068 2119 2131 fieri

208 2158 400 2238 puto,
453 2159 528 2219 ut
579 2178 714 2221 non
768 2157 1080 2241 dubitem,
1136 2158 1294 2241 quin
1349 2158 1430 2222 ad
1484 2161 1664 2221 tuam
1717 2157 2118 2220 voluntatem

212 2263 489 2327 magnus
562 2245 853 2309 cumulus
925 2246 1188 2328 accedat
1268 2244 1841 2311 commendationis
1913 2265 2119 2327 meae3

212 2352 393 2415 nam,
447 2354 642 2416 quum
686 2334 816 2398 iam
862 2334 972 2398 diu
1021 2334 1353 2419 diligerem
1397 2333 1484 2398 M.
1529 2331 1855 2397 Anneium
1916 2333 2119 2416 deque

212 2440 291 2483 eo
352 2420 441 2488 sic
497 2422 951 2507 existimarem,
1013 2426 1087 2487 ut
1148 2445 1252 2487 res
1310 2423 1616 2505 declarat,
1672 2422 1780 2504 qui
1833 2422 2004 2486 ultro
2061 2421 2120 2485 ei

211 2508 552 2573 detulerim
603 2511 1022 2596 legationem,
1077 2533 1274 2596 quum
1328 2511 1547 2575 multis
1601 2511 1968 2595 petentibus
2014 2506 2119 2573 de-

209 2617 578 2682 negassem,
631 2603 771 2663 tum
824 2621 1004 2684 vero,
1056 2604 1479 2684 posteaquam
1533 2621 1782 2664 mecum
1835 2599 1905 2662 in
1949 2597 2118 2662 bello

211 2688 408 2768 atque
463 2687 531 2750 in
585 2707 653 2751 re
708 2688 970 2752 militari
1023 2688 1176 2773 fuit,
1237 2692 1490 2752 tantam
1543 2688 1614 2753 in
1668 2709 1744 2753 eo
1798 2687 2120 2771 virtutem,
2201 2731 2218 2752 s

208 2774 649 2859 prudentiam,
705 2776 897 2840 fidem
950 2780 1327 2861 tantamque
1383 2798 1537 2862 erga
1590 2797 1692 2840 me
1738 2775 2119 2839 benevolen-

68 2906 97 2919 -
206 2861 372 2926 tiam
418 2864 720 2949 cognovi,
764 2870 838 2929 ut
880 2865 1209 2931 hominem
1254 2867 1576 2929 neminem
1621 2864 1823 2949 pluris
1868 2863 2119 2927 faciam.

207 2949 383 3015 Eum
429 2973 574 3017 cum
604 2950 931 3018 Sardianis
966 2955 1205 3018 habere
1242 2954 1742 3019 controversiam
1781 2953 1927 3016 scis.
1975 2972 2119 3015 cau·

209 3061 351 3103 sam
395 3040 517 3104 tibi
554 3043 963 3125 exposuimus
991 3041 1254 3127 Ephesi,
1298 3064 1491 3126 quam
1536 3045 1609 3105 tu
1649 3044 1870 3105 tamen
1905 3057 2122 3104 coram

209 3127 466 3194 facilius
511 3131 864 3214 meliusque
911 3151 1279 3216 cognosces.
1352 3130 1449 3195 De
1494 3130 1741 3214 reliquo
1787 3128 1944 3193 mihi
1989 3148 2119 3192 me-

208 3214 469 3281 hercule
533 3218 642 3283 diu
708 3219 971 3283 dubium
1023 3220 1177 3303 fuit,
1240 3219 1393 3303 quid
1452 3218 1534 3282 ad
1586 3222 1653 3282 te
1716 3217 2121 3302 potissimum

209 3305 581 3389 scriberem3
642 3307 743 3372 ius
799 3307 970 3372 enim
1026 3307 1563 3392 quemadmodum
1618 3305 1819 3389 dicas,
1878 3306 2120 3369 clarum

353 3460 456 3531 Ep.
498 3468 583 3530 55
612 3469 662 3518 2.
733 3464 1046 3529 scriberem,
1090 3465 1183 3519 ius
1343 3467 1444 3527 est,
1479 3461 1636 3516 nobis
1791 3459 1995 3523 dicer03
2028 3455 2121 3511 sed

211 3530 364 3600 (W..)
437 3548 509 3587 8..·
544 3534 684 3590 ius.
742 3540 900 3601 .;est
1068 3535 1309 3589 .dicere.
1366 3531 1474 3587 Sed
1509 3531 1571 3585 B.

2157 3146 2217 3197 2.
