2338 3691
244 154 372 219 502
809 153 882 209 Μ.
920 152 1165 208 TULLII
1203 151 1588 208 CICERONIS

244 299 430 384 regni
474 298 635 363 mihi
680 297 1124 363 commendata
1189 300 1359 362 esset
1421 319 1461 361 a
1513 296 1724 380 vobis,
1783 296 2052 379 diceret,
2110 297 2165 360 si

248 387 400 472 quid
462 387 673 451 vellet.
773 383 948 461 Quae
1013 407 1212 470 quum
1276 406 1482 450 essem
1543 385 1614 450 in
1677 384 1948 450 consilio
2014 406 2163 450 meo

246 497 392 541 cum
445 495 596 560 rege
650 475 931 558 locutus,
993 474 1181 538 initio
1227 473 1336 538 ille
1393 473 1704 538 orationis
1765 494 1919 538 suae
1974 473 2163 537 vobis

245 564 576 647 maximam,
619 566 696 628 ut
739 562 977 646 debuit,
1023 561 1251 626 deinde
1288 561 1483 626 etiam
1518 561 1678 625 mihi
1723 561 1969 646 gratias
2008 561 2162 646 egit,

247 651 419 737 quod
483 651 541 715 ei
603 671 1027 736 permagnum
1090 654 1157 713 et
1217 649 1756 735 perhonorificum
1819 649 2162 714 videbatur

248 739 502 804 senatui
546 740 913 825 populoque
957 738 1254 804 Romano
1300 741 1523 803 tantae
1569 759 1759 802 curae
1804 758 1945 802 esse
1992 738 2160 802 salu-

247 833 381 893 tem
427 849 611 893 suam
664 849 890 912 meque
944 829 1200 891 tantam
1243 825 1644 911 diligentiam
1699 825 2032 909 adhibere,
2087 828 2161 890 ut

248 921 315 981 et
358 938 501 980 mea
545 915 703 980 fides
758 919 825 979 et
870 914 1446 980 commendationis
1500 916 1750 979 vestrae
1806 914 2159 979 auctoritas

246 1005 523 1090 perspici
567 1007 804 1090 posset.
892 1003 1109 1087 Atque
1153 1003 1263 1067 ille
1307 1003 1544 1087 primo,
1602 1002 1775 1087 quod
1819 1001 1980 1066 mihi
2026 1023 2158 1066 ma-

246 1094 455 1158 ximae
500 1092 784 1159 laetitiae
827 1091 971 1176 fuit,
1015 1092 1109 1156 ita
1152 1112 1403 1156 mecum
1439 1092 1691 1157 locutus
1738 1094 1853 1174 est,
1897 1093 1974 1155 ut
2017 1091 2158 1156 nul·

246 1182 344 1247 las
396 1180 663 1246 insidias
699 1201 923 1264 *neque
977 1180 1147 1244 vitae
1204 1201 1355 1245 suae
1401 1201 1632 1264 neque
1662 1200 1864 1265 regno
1922 1177 2161 1244 diceret

250 1292 318 1335 se
364 1274 480 1335 aut
520 1269 881 1355 intelligere
925 1268 1064 1333 fieri
1118 1271 1233 1334 aut
1277 1268 1472 1334 etiam
1527 1267 1857 1353 suspicari.
1948 1265 2160 1343 Quum

237 1380 373 1511 egfi
415 1359 883 1511 ffaetgratulsstus
930 1377 1134 1510 essffm
1165 1357 1362 1510 {glane
1398 1378 1501 1423 me
1538 1357 1817 1511 gafiilere
1854 1355 2158 1509 diffissgrlns

249 1468 324 1512 co
375 1470 412 1512 o
548 1468 651 1531 us,
703 1469 747 1511 ιι
830 1466 1012 1512 recor
1056 1467 1163 1510 are
1335 1466 1556 1512 casum
1617 1468 1641 1510 1
1689 1467 1801 1511 um
1857 1465 1930 1509 m
1996 1466 2053 1509 n

249 1535 503 1620 paterni
565 1538 631 1599 et
690 1534 1035 1619 vigilanter
1099 1556 1166 1599 se
1229 1537 1520 1602 tueretur
1574 1537 1766 1618 atque
1822 1533 2159 1598 admonitu

253 1627 514 1689 senatus
561 1624 925 1689 consuleret
969 1622 1163 1688 saluti
1209 1643 1389 1708 suae,
1441 1626 1583 1688 tum
1636 1643 1676 1686 a
1719 1643 1822 1687 me
1868 1621 2161 1686 discessit

249 1710 1015 1886 ἰὲωἳξῗέἶὲἑῖεοέἒέῗῖῗ
1034 1711 1770 1885 cfn‘issssssffleffmidssss
1793 1709 2160 1865 Ἑὲοὲῗξε

249 1893 410 1955 natu
457 1891 537 1954 ad
583 1911 684 1954 me
729 1890 800 1955 in
842 1893 1056 1954 castra
1090 1890 1271 1954 venit
1304 1889 1842 1974 perturbatusque
1880 1892 1946 1953 et
1980 1887 2159 1971 flens,

251 2000 448 2064 quum
492 1978 662 2042 idem
707 1981 774 2043 et
816 1978 1018 2042 frater
1060 1978 1303 2043 faceret
1348 1981 1415 2042 et
1450 1977 1656 2063 amici,
1701 1999 1912 2044 meam
1950 1977 2160 2060 fidem,

250 2070 532 2132 vestram
575 2065 1201 2132 commendationem
1242 2066 1586 2150 implorare
1635 2066 1863 2151 coepit.
1948 2065 2159 2142 Quum
2259 2108 2264 2113 -

251 2155 625 2238 admirarer,
673 2155 825 2239 quid
872 2154 1207 2220 accidisset
1250 2154 1430 2238 novi,
1475 2155 1637 2219 dixit
1680 2154 1762 2220 ad
1810 2176 1877 2219 se
1921 2153 2158 2219 indicia

249 2242 740 2308 manifestarum
792 2243 1172 2308 insidiarum
1227 2264 1365 2309 esse
1421 2242 1659 2327 delata,
1722 2264 1886 2329 quae
1945 2244 2161 2308 essent

250 2336 402 2396 ante
467 2333 814 2398 adventum
875 2353 1091 2396 meum
1153 2332 1500 2415 occultata,
1562 2331 1736 2415 quod
1778 2332 1852 2415 ii,
1918 2331 2027 2415 qui
2085 2352 2161 2394 ea

249 2421 613 2505 patefacere
656 2423 942 2505 possent,
984 2423 1250 2505 propter
1294 2422 1537 2485 metum
1588 2420 2020 2503 reticuissent3
2084 2440 2159 2484 eo

251 2512 468 2573 autem
512 2512 800 2593 tempore
837 2530 950 2594 spe
977 2508 1103 2572 mei
1138 2509 1444 2594 praesidii
1470 2510 1829 2611 complures
1866 2530 1960 2592 ea,
1997 2528 2159 2591 quae

252 2597 517 2682 scirent,
571 2598 875 2662 audacter
921 2596 1002 2662 ad
1049 2618 1116 2662 se
1163 2597 1493 2681 detulisse3
1548 2596 1621 2662 in
1663 2597 1743 2662 iis
1796 2596 2158 2662 amantissi-

251 2707 428 2750 mum
474 2686 600 2772 sui,
646 2706 898 2751 summa
949 2684 1189 2770 pietate
1234 2685 1596 2771 praeditum
1638 2685 1907 2751 fratrem
1953 2684 2157 2749 dicere

252 2810 337 2822 —
385 2796 461 2839 ea
507 2795 669 2859 quae
714 2796 818 2839 me
864 2794 1115 2858 quoque
1168 2774 1226 2838 is
1282 2774 1581 2839 audiente
1635 2773 1889 2839 dicebat
1933 2796 2046 2837 -ε
2091 2794 2156 2836 se

251 2863 666 2928 sollicitatum
713 2883 878 2945 esse,
931 2865 1007 2925 ut
1049 2883 1320 2947 regnare
1366 2864 1586 2945 vellet3
1637 2862 1704 2927 id
1758 2862 1904 2928 vivo
1959 2863 2155 2926 fratre

390 3072 494 3141 Ep.
534 3078 584 3138 2,
614 3076 662 3126 ὅ.
728 3071 983 3127 dixissem
1020 3072 1346 3137 cohortatus,
1382 3076 1446 3126 ut
1482 3071 1594 3139 (M.‚
1623 3071 1833 3142 vulgo).
1906 3071 1961 3125 d.
1990 3073 2021 3108 *
2039 3071 2070 3106 *
2096 3087 2155 3138 c.,

250 3146 315 3195 ut
343 3143 427 3207 (ut
453 3114 722 3197 exci’derit
747 3147 799 3196 et
824 3147 1004 3196 tamen
1030 3142 1411 3197 adolescentem
1438 3158 1614 3208 essem,
1643 3141 1795 3210 quod
1822 3140 2167 3197 addiderunt

251 3211 335 3264 cd.
356 3211 488 3277 Erf„
507 3212 626 3265 Pal
648 3219 696 3279 6,
724 3212 990 3280 Hittorp„
1021 3211 1136 3280 alii,
1164 3213 1257 3267 vel
1285 3229 1505 3283 eumque
1532 3159 1751 3282 ecdem?
1798 3214 1888 3267 An
1914 3212 1968 3268 d.
1997 3228 2042 3267 c.
2062 3213 2140 3251 ²⁸*

250 3285 339 3343 ut,
383 3283 449 3333 ut
475 3253 654 3336 'fuerit
697 3283 750 3337 d.
790 3284 1200 3352 cohortatusque
1243 3300 1363 3338 eum
1406 3299 1592 3351 essm,
1637 3288 1703 3338 ut
1748 3283 1858 3351 (W.
1861 3285 1917 3352 )?
1998 3283 2079 3350 d,
2113 3299 2154 3337 c

250 3363 388 3412 sum,
423 3355 487 3402 ut
521 3350 582 3403 B
665 3359 715 3406 6
771 3354 1051 3408 dicere—
1089 3370 1154 3408 ea
1197 3370 1338 3424 quae
1386 3371 1469 3411 me
1512 3370 1719 3425 quoque
1761 3354 1812 3408 2⁰⁸
1857 3355 1986 3408 aud
2022 3354 2155 3409 dice·

253 3417 478 3469 δατ-.-
513 3421 753 3488 seCW).
823 3423 1440 3493 meisquoqueaMM
1520 3424 1702 3490 d-,ea
1748 3426 2154 3495 φὲεηιοριιο-

251 3488 547 3553 queawd
582 3491 792 3544 seedd.
830 3495 985 3559 vett„
1022 3494 1112 3548 W.
1153 3495 1305 3564 olim,
1342 3495 1407 3551 B.
