2338 3691
204 123 338 189 616
766 121 842 179 Μ.
880 119 1127 177 TULBII
1164 117 1547 176 CICERONIS

939 369 1084 437 xv.
1142 367 1367 458 [xvi]

379 482 493 540 Scr.
539 484 751 539 Romae
797 484 1034 538 exeunte
1083 499 1273 537 mense
1311 481 1511 537 Sextili
1546 498 1594 537 a.
1632 498 1689 537 u.
1725 498 1773 537 c.
1813 486 1932 550 700.

323 633 326 636 ’
413 606 749 662 MARCUS
785 605 1098 677 QUINTO
1124 604 1451 661 FRATRI
1482 604 1896 662 SALUTEM.

147 725 171 766 1
330 706 546 783 Quum
590 729 632 772 a
673 728 776 772 me
820 707 1071 772 litteras
1114 706 1359 770 librarii
1405 728 1604 771 manu
1644 707 1986 792 acceperis,
2028 727 2109 771 ne

199 796 488 881 paullum
532 796 778 879 quidem
829 816 932 859 me
996 794 1111 860 otii
1173 794 1477 859 habuisse
1539 794 1848 879 iudicato,
1913 817 2110 879 quum

199 888 417 949 autem
461 904 631 969 mea,
684 885 1000 968 paullum:
1064 884 1156 948 sic
1211 883 1383 948 enim
1435 882 1702 967 habeto,
1753 905 2110 969 numquam

199 994 303 1037 me
358 994 399 1037 a
441 972 652 1037 causis
705 976 773 1037 et
823 972 1075 1038 iudiciis
1139 970 1592 1036 districtiorem
1653 971 1852 1037 fuisse
1900 976 2110 1057 ‚atque

199 1061 267 1126 id
312 1062 469 1126 anni
522 1065 812 1145 tempore
868 1061 1249 1146 gravissimo
1302 1062 1370 1124 et
1423 1058 1743 1125 caloribus
1797 1061 2111 1126 maximis.

201 1148 326 1215 Sed
370 1150 548 1234 haec,
593 1150 898 1233 quoniam
941 1154 1016 1215 tu
1059 1150 1154 1215 ita
1188 1148 1589 1233 praescribis,
1631 1147 1900 1213 ferenda
1940 1154 2111 1233 sunt,

198 1260 407 1322 neque
450 1238 1015 1304 committendum·
990 1272 1015 1322 ,·
1064 1242 1139 1302 ut
1201 1240 1317 1302 aut
1367 1235 1506 1321 spei
1560 1241 1675 1301 aut
1727 1237 2112 1322 cogitationi

197 1333 450 1393 vestrae
514 1347 637 1412 ego
689 1326 908 1391 videar
962 1325 1268 1410 defuisse,
1328 1326 1707 1410 praesertim
1765 1346 1993 1410 quum,
2057 1327 2110 1391 si

197 1415 264 1480 id
311 1415 635 1481 difficilius
677 1414 901 1498 fuerit,
952 1418 1175 1479 tamen
1219 1436 1296 1479 ex
1347 1413 1473 1479 hoc
1526 1414 1747 1479 labore
1801 1434 2109 1500 magnam

198 1504 476 1589 gratiam
544 1522 976 1588 magnamque
1044 1503 1431 1589 dignitatem
1512 1502 1634 1566 sim
1705 1502 2109 1568 collecturus.

195 1591 443 1677 Itaque,
486 1595 563 1657 ut
596 1592 725 1656 tibi
761 1592 989 1677 placet,
1032 1591 1260 1656 damus
1296 1611 1577 1674 operam,
1620 1611 1705 1655 ne
1743 1591 1925 1656 cuius
1972 1593 2107 1657 ani·

196 1702 374 1745 mum
430 1681 828 1746 offendamus
883 1684 1077 1765 atque
1121 1684 1197 1745 ut
1249 1679 1445 1744 etiam
1498 1679 1581 1743 ab
1625 1679 1707 1744 iis
1751 1680 1939 1763 ipsis,
1997 1681 2108 1764 qui

196 1789 317 1834 nos
362 1790 508 1834 cum
554 1767 827 1834 Caesare
864 1772 1001 1833 tam
1046 1768 1427 1834 coniunctos
1462 1768 1700 1853 dolent,
1744 1768 2109 1854 diligamur,

198 1858 281 1922 ab
336 1859 558 1941 aequis
610 1878 762 1923 vero
817 1862 932 1922 aut
985 1858 1179 1923 etiam
1223 1858 1561 1942 propensis
1612 1857 1683 1921 in
1736 1857 1907 1922 hanc
1960 1879 2106 1942 par·

143 1961 170 2001 2
196 1954 329 2010 tem
373 1944 787 2011 vehementer
822 1950 889 2010 et
923 1947 1210 2011 colamur
1244 1949 1312 2010 et
1347 1966 1650 2010 amemur.
1720 1945 1822 2010 De
1855 1947 2107 2011 ambitu

197 2047 393 2117 quum
449 2035 846 2098 atrocissime
901 2039 1201 2119 ageretur
1256 2035 1327 2099 in
1381 2037 1609 2099 senatu
1653 2035 1895 2099 multos
1951 2035 2108 2119 dies,

196 2122 367 2206 quod
424 2121 518 2186 ita
572 2125 759 2187 erant
809 2124 1137 2208 progressi
1192 2122 1517 2187 candidati
1579 2123 1976 2206 consulares,
2030 2128 2111 2189 ut

194 2232 329 2276 non
375 2213 544 2275 esset
585 2210 948 2295 ferendum,
999 2211 1070 2275 in
1124 2214 1355 2276 senatu
1410 2231 1547 2276 non
1588 2209 1712 2274 fui:
1766 2212 1967 2276 statui
2018 2213 2108 2276 ad

193 2300 441 2364 nullam
494 2299 877 2364 medicinam
929 2300 1024 2364 rei
1075 2300 1371 2384 publicae
1434 2300 1573 2364 sine
1625 2319 1867 2384 magno
1919 2321 2109 2385 prae-

140 2410 166 2450 3
196 2387 358 2452 sidio
405 2387 720 2452 accedere.
809 2385 949 2463 Quo
1005 2387 1107 2452 die
1151 2387 1313 2452 haec
1357 2388 1610 2471 scripsi,
1665 2387 1916 2453 Drusus
1964 2394 2111 2454 erat

195 2475 272 2539 de
315 2475 864 2559 praevaricatione
911 2498 950 2541 a
993 2476 1272 2541 tribunis
1317 2476 1579 2540 aerariis
1625 2476 1987 2562 absolutus,
2029 2478 2108 2542 in

193 2584 444 2631 summa
480 2567 784 2647 quattuor
821 2564 1177 2648 sententiis,
1223 2585 1421 2648 quum
1457 2567 1788 2630 senatores
1823 2569 1891 2630 et
1925 2567 2107 2650 equi—

189 2655 291 2715 tes
326 2651 759 2716 damnassent.
829 2650 976 2737 Ego
1013 2653 1240 2717 eodem
1275 2652 1377 2716 die
1416 2656 1569 2736 post
1602 2652 1933 2718 meridiem
1971 2652 2106 2719 Va·

189 2739 424 2804 tinium
471 2760 645 2804 eram
683 2740 1086 2807 defensurus:
1132 2760 1210 2806 ea
1243 2758 1348 2806 res
1382 2740 1592 2807 facilis
1629 2745 1744 2806 est.
1822 2738 2108 2809 Comitia

190 2829 262 2892 in
306 2849 591 2893 mensem
638 2826 1078 2914 Septembrem
1120 2830 1358 2894 reiecta
1411 2832 1580 2895 sunt.
1669 2827 1894 2896 Scauri
1935 2829 2106 2896 iudi-

191 2918 361 2982 cium
423 2917 644 2983 statim
707 2917 1127 3001 exercebitur,
1197 2917 1302 2985 cui
1363 2939 1486 2984 nos
1555 2940 1692 2987 non
1763 2916 2102 2986 deerimus.

188 3005 658 3080 Συνδείπνους
714 3003 1178 3088 Σοφοκλέους,
1238 3024 1626 3091 quamquam
1678 3030 1720 3072 a.
1762 3011 1829 3072 te
1887 3011 2103 3072 actam

185 3093 492 3157 fabellam
553 3093 738 3159 video
804 3115 942 3158 esse
986 3094 1248 3179 festive,
1310 3095 1491 3160 nullo
1555 3095 1746 3161 modo
1809 3095 2103 3181 probavi.

132 3203 161 3240 4
187 3179 399 3244 Venio
454 3201 628 3245 nunc
684 3181 765 3245 ad
819 3181 913 3266 id,
971 3183 1143 3266 quod
1207 3183 1426 3248 nescio
1481 3205 1567 3248 an
1618 3185 1900 3305 primum
1957 3206 2100 3250 esse

181 3379 426 3516 vulgffip
459 3389 621 3451 15,1.
677 3392 779 3441 aut
812 3391 978 3444 etiam
1002 3394 1302 3461 propensis
1327 3393 1474 3461 (W..)
1549 3409 1599 3448 a.
1637 3409 1680 3448 e.
1709 3410 1749 3449 α
1780 3408 1871 3462 pr.
1908 3392 2093 3461 MRI„

165 3556 209 3578 h
