2338 3691
702 171 1221 228 EPISTULARUM
1254 172 1348 228 VI.
1388 177 1542 226 2-4.
1837 210 1843 215 -
1948 167 2075 231 163

159 314 448 379 divinare
495 337 688 381 nemo
734 320 976 402 potest,
1017 320 1242 383 tamen
1287 321 1353 382 et
1395 316 1549 382 belli
1594 315 1836 381 exitum
1887 313 2075 380 video

159 407 241 487 et,
286 404 342 468 si
386 404 456 468 id
492 405 728 490 minus,
770 404 896 471 hoc
933 407 1191 491 quidem
1227 409 1415 492 certe,
1460 427 1659 490 quum
1696 405 1781 471 sit
1815 425 2077 469 necesse

160 493 437 557 alborum
481 497 701 559 utrum
753 495 1036 581 vincere,
1082 496 1291 580 qualis
1345 496 1568 560 futura
1621 494 1707 559 sit
1759 494 1862 558 vel
1914 493 2076 557 haec

165 582 260 646 vel
303 582 422 646 illa
450 583 753 649 victoria.
824 581 1027 669 quue
1075 607 1275 669 quum
1311 584 1552 669 optime
1587 582 1901 667 perspexi,
1936 584 2077 647 lum
2112 598 2145 647 3

159 671 289 734 tale
344 670 562 756 video,
614 672 780 736 nihil
832 676 908 737 ut
960 674 1114 738 mali
1167 674 1462 739 videatur
1521 672 1839 756 fuburum,
1903 671 1958 735 si
2009 670 2078 734 id

161 762 312 824 ante
363 760 683 845 acciderit,
729 762 901 846 quod
945 764 1048 828 vel
1093 763 1444 827 maximum
1481 760 1563 826 ad
1598 761 1896 826 timorem
1931 781 2077 844 pro-

159 849 595 933 ponitur31ta
639 850 812 914 enim
856 851 1086 935 vivere,
1130 855 1206 916 ut
1248 855 1390 915 tum
1435 851 1522 916 sit
1554 850 1918 953 vivendum,
1961 849 2078 912 mi-

162 938 504 1002 serrimum
550 941 674 1024 est,
728 939 892 1004 mori
947 944 1163 1006 autem
1217 962 1406 1005 nemo
1464 940 1721 1024 sapiens
1775 939 2080 1003 miserum

163 1027 365 1112 duxit,
410 1048 495 1091 ne
529 1027 722 1093 beato
763 1028 1038 1113 quidem.
1112 1027 1239 1094 Sed
1282 1030 1354 1094 in
1399 1051 1477 1094 ea
1513 1050 1580 1094 es
1613 1029 1793 1113 urbe,
1836 1028 1906 1092 in
1953 1049 2081 1111 qua

160 1115 325 1180 haec
358 1116 464 1180 vel
502 1117 689 1201 plura
724 1121 791 1182 et
835 1119 1165 1184 ornatiora
1200 1119 1479 1204 parietes
1514 1117 1635 1202 ipsi
1673 1118 1855 1202 loqui
1890 1138 2080 1201 posse

161 1206 524 1271 videantur.
613 1204 759 1292 Ego
822 1207 945 1272 tibi
1005 1207 1131 1275 hoc
1196 1208 1533 1292 confirmo,
1595 1206 1717 1271 etsi
1769 1206 1929 1271 levis
1982 1208 2082 1270 est
2116 1220 2152 1280 4

162 1294 526 1361 consolatio
557 1316 635 1359 ex
667 1295 941 1361 miseriis
970 1298 1262 1383 aliorum,
1301 1297 1507 1362 nihilo
1535 1299 1601 1361 te
1638 1316 1813 1360 nunc
1839 1294 2080 1359 maiore

162 1385 234 1449 in
282 1382 648 1449 discrimine
703 1406 843 1450 esse
898 1406 1093 1471 quam
1147 1387 1435 1472 quemvis
1500 1388 1616 1450 aut
1668 1406 1917 1468 eorum,
1973 1383 2082 1468 qm

70 1493 73 1494 ⁷
166 1472 597 1558 discesserint,
631 1478 745 1540 aut
777 1494 1002 1554 eorum,
1046 1477 1156 1559 qui
1189 1476 1629 1542 remamerint:
1675 1472 1863 1538 alteri
1900 1472 2081 1537 dimi-

167 1564 348 1647 canti,
403 1562 590 1626 alteri
633 1562 944 1629 victorem
997 1564 1248 1630 timent.
1339 1563 1464 1631 Sed
1516 1563 1678 1651 haec
1724 1562 2081 1628 consolatio

166 1651 328 1716 levis
375 1652 501 1735 est3
552 1651 667 1716 illa
721 1654 1007 1738 gravior,
1063 1676 1191 1738 qua
1234 1657 1300 1719 te
1346 1653 1445 1718 uti
1490 1674 1696 1737 sper0,
1743 1673 1863 1737 ego
1912 1654 2082 1716 certe

173 1744 342 1805 utor.
390 1760 513 1805 nec
549 1740 740 1826 enim,
781 1742 935 1807 dum
971 1764 1100 1827 ero,
1137 1764 1343 1829 angar
1377 1742 1512 1807 ulla
1548 1764 1634 1826 re,
1673 1763 1870 1844 quum
1908 1740 2086 1805 omni

172 1851 392 1895 vacem
438 1830 647 1917 culpa,
693 1792 783 1917 el,
829 1832 884 1898 si
928 1854 1066 1898 non
1110 1855 1239 1918 ero,
1284 1853 1478 1898 sensu
1524 1831 1788 1897 omnino
1836 1830 2085 1896 carebo

171 1917 298 1984 Sed
359 1941 585 1984 rursus
647 1883 892 1998 γλαῦκ’
952 1919 1047 1994 εἰς
1079 1884 1402 2002 Ἀθήνας,
1467 1921 1577 2006 qui
1641 1921 1722 1986 ad
1778 1925 1845 1986 te
1906 1920 2087 1984 haec.

166 2007 335 2072 Mihi
387 2012 491 2093 tu,
542 2008 670 2094 tui,
727 2012 843 2073 ima
895 2009 1115 2074 omnia
1177 2010 1494 2075 maximae
1550 2031 1740 2076 curae
1794 2012 1952 2075 sunt
2003 2011 2087 2094 et,

166 2097 325 2162 dum
370 2097 605 2183 vivam,
649 2101 855 2163 erunt.
944 2097 1128 2164 Vale.

1071 2292 1186 2359 IV.

731 2404 846 2461 Sor.
885 2405 1096 2462 Romae
1134 2423 1184 2461 a.
1222 2425 1276 2461 u.
1314 2425 1360 2462 c.
1402 2414 1519 2463 709.

563 2529 637 2584 M.
675 2528 932 2585 CICERO
973 2529 1026 2584 S.
1065 2530 1130 2584 D.
1171 2531 1234 2586 A.
1274 2530 1686 2597 TORQUATO.

302 2628 499 2715 Novi,
535 2630 708 2714 quod
746 2630 827 2694 ad
861 2634 929 2695 te
967 2631 1329 2718 scriberem,
1363 2631 1530 2697 nihil
1558 2635 1712 2716 erat,
1750 2636 1816 2696 et
1849 2636 2087 2719 tamen,
2117 2652 2145 2700 1

164 2721 221 2785 si
273 2718 431 2804 quid
477 2723 672 2804 esset,
727 2719 1006 2785 sciebam
1050 2723 1116 2785 te
1163 2744 1203 2786 a
1245 2722 1377 2786 tuis
1423 2721 1759 2787 certiorem
1803 2722 1943 2786 fieri
1988 2743 2087 2786 so·

161 2811 328 2892 lere3
386 2808 465 2873 de
517 2808 757 2873 futuris
821 2812 1038 2873 autem
1098 2811 1291 2875 rebus
1348 2809 1468 2876 etsi
1524 2832 1774 2896 semper
1828 2809 2087 2875 difficile

164 2902 273 2963 est
316 2897 555 2982 dicere,
608 2901 849 2962 tamen
884 2898 1211 2963 interdum
1256 2899 1626 2965 coniectura
1678 2899 1888 2983 possis
1942 2920 2089 2983 pro-

164 2988 316 3072 pius
366 2986 684 3071 accedere,
731 3009 928 3071 quum
973 2990 1073 3052 est
1115 3010 1219 3053 res
1266 2988 1598 3073 eiusmodi,
1656 2988 1835 3053 cuius
1882 2988 2091 3053 exitus

166 3075 497 3161 provideri
539 3075 764 3160 possit.
835 3074 1029 3141 Nunc
1073 3079 1333 3142 tantum
1376 3078 1668 3142 videmur
1710 3077 2089 3162 inlelligere,

167 3187 309 3231 non
373 3164 754 3230 diuturnum·
812 3165 1055 3231 bellum
1067 3217 1085 3250 ,
1160 3167 1283 3230 etsi
1343 3166 1411 3230 id
1473 3166 1687 3250 ipsum
1757 3166 2088 3230 nonnullis

316 3322 421 3392 Ep.
459 3329 510 3390 3,
539 3330 590 3378 3.
656 3323 934 3392 perspexi,
969 3327 1086 3377 tum
1120 3323 1230 3378 tale
1268 3323 1368 3391 (W
1371 3324 1423 3389 .).
1500 3338 1592 3389 p„
1628 3322 1736 3374 tale
1770 3321 1863 3388 M.,
1900 3318 2089 3387 vulgo.

172 3427 239 3436 --
280 3395 345 3448 id
390 3399 515 3450 ante
560 3394 836 3463 (Kayser).
937 3395 1000 3459 id
1041 3395 1124 3449 vel
1169 3398 1297 3448 ante
1340 3392 1414 3445 M.
1512 3391 1575 3445 id
1613 3390 1739 3461 [vel]
1779 3408 1829 3444 α.
1876 3389 1938 3441 B.
2036 3391 2087 3438 4.

170 3466 574 3521 discesserunt.
633 3469 1053 3522 .remanserunt
1090 3463 1314 3530 (Bened.
1316 3463 1374 3532 ΥΒ
1444 3460 1549 3530 ΕΡ.
1579 3467 1630 3528 4,
1662 3466 1707 3513 1.
1764 3460 2089 3513 diuturnum

172 3536 377 3592 bellum
412 3536 545 3608 (Mu)
620 3538 672 3592 d.
709 3537 966 3605 futurwn
995 3536 1042 3590 b.
1081 3534 1142 3588 B.

1562 3618 1667 3667 11*
