2338 3691
216 155 350 250 Δίῳ
781 151 857 206 Μ.
896 150 1141 206 TULLII
1178 148 1560 206 CICERONIS

1047 382 1289 450 XXIV.

726 494 842 553 Ser.
898 497 1107 553 Romae
1163 513 1214 552 a.
1269 515 1322 552 u.
1378 514 1426 552 c.
1485 502 1601 552 708.

792 619 1046 677 CICERO
1087 620 1352 677 SERVIO
1397 620 1547 676 SAL.

146 736 174 784 1
354 724 561 801 Quum
616 725 809 789 antea
862 721 1196 806 capiebam
1241 743 1318 786 ex
1373 721 1586 787 officio
1644 743 1789 786 meo
1836 721 2133 805 volupta-

215 817 365 897 tem,
410 811 584 896 quod
628 811 1073 895 memineram,
1127 833 1323 895 quam
1376 810 1498 875 tibi
1544 810 1886 896 diligenter
1931 809 2133 894 Lyso-

214 923 383 987 nem,
417 901 741 986 hospitem
778 903 844 965 et
877 900 1263 965 familiarem
1289 921 1522 984 meum,
1564 898 2134 982 commendassem,

213 994 355 1055 tum
399 1011 550 1055 vero
560 1040 579 1073 ,
631 991 1054 1074 posteaquam
1100 1010 1179 1053 ex
1221 988 1455 1053 litteris
1501 988 1638 1054 eius
1689 988 1966 1073 cognovi
2009 987 2132 1052 tibi

216 1101 364 1144 eum
406 1079 574 1145 falso
621 1081 990 1163 suspectum
1042 1077 1270 1162 fuisse,
1327 1076 1884 1142 vehementissime
1930 1076 2131 1141 laeta-

216 1171 321 1233 tus
385 1189 528 1233 sum
580 1188 683 1233 me
736 1170 873 1231 tam
918 1166 1294 1251 diligentem
1355 1166 1425 1230 in
1488 1187 1563 1231 eo
1619 1164 2129 1231 commendando

214 1257 439 1341 fuisse3
484 1257 579 1320 ita
614 1256 786 1321 enim
823 1255 1080 1338 scripsit
1114 1255 1199 1319 ad
1234 1276 1355 1338 me,
1400 1254 1522 1320 sibi
1557 1276 1767 1320 meam
1805 1275 2127 1319 commen-

217 1346 544 1411 dationem
589 1344 867 1410 maximo
913 1343 1285 1409 adiumento
1321 1342 1538 1428 fuisse,
1583 1343 1756 1428 quod
1801 1342 1883 1408 ad
1919 1346 1983 1407 te
2023 1341 2128 1407 de·

215 1436 422 1500 latum
467 1434 707 1499 diceret
752 1454 889 1498 sese
936 1436 1163 1499 contra
1218 1432 1602 1518 dignitatem
1655 1435 1836 1498 tuam
1880 1430 2129 1497 Romae

148 1540 178 1581 z
218 1524 296 1588 de
342 1528 407 1588 te
450 1523 630 1607 loqui
677 1522 939 1587 solitum
984 1543 1149 1604 esse3
1196 1519 1273 1585 de
1320 1543 1446 1606 quo
1493 1521 1613 1586 etsi
1658 1543 1776 1606 pro
1813 1524 1929 1586 tua
1972 1520 2128 1584 faci-

96 1613 112 1629 “
216 1613 399 1677 litate
446 1614 511 1676 et
553 1611 958 1676 humanitate
1010 1614 1361 1695 purgatum
1415 1632 1482 1675 se
1527 1610 1648 1674 tibi
1702 1608 1927 1675 scribit
1970 1630 2132 1693 esse,

216 1705 437 1766 tamen
480 1700 778 1785 primum,
821 1703 897 1764 ut
932 1697 1153 1784 debeo,
1196 1698 1318 1763 tibi
1352 1698 1663 1764 maximas
1702 1698 1945 1784 gratias
1982 1717 2127 1783 ag0,

218 1789 392 1874 quod
435 1791 692 1855 tantum
737 1789 990 1854 litterae
1044 1809 1224 1854 meae
1269 1790 1646 1873 potuerunt,
1698 1789 1774 1852 ut
1817 1787 1897 1852 iis
1941 1786 2126 1852 lectis

219 1900 477 1943 omnem
522 1878 942 1943 offensionem
988 1878 1399 1962 suspicioniS,
1444 1899 1638 1963 quam
1680 1876 2000 1941 habueras
2047 1875 2126 1941 de

217 1972 497 2051 Lysone,
559 1966 939 2051 deponeres,
1001 1966 1231 2031 deinde
1286 1966 1506 2031 credas
1560 1965 1720 2031 mihi
1773 1965 2127 2029 affirmanti

217 2056 411 2119 velim
468 2075 571 2120 me
632 2055 757 2120 hoc
819 2076 955 2120 non
1006 2077 1125 2139 pro
1182 2054 1438 2140 Lysone
1498 2054 1705 2156 magis
1760 2075 1955 2155 quam
2007 2074 2128 2138 pro

220 2144 517 2209 omnibus
563 2143 857 2228 scribere,
897 2143 1229 2209 hominem
1264 2165 1405 2209 esse
1449 2144 1790 2226 neminem,
1834 2142 1946 2226 qui
1990 2164 2128 2207 um-

220 2254 413 2317 quam
457 2233 852 2298 mentionem
895 2233 993 2298 tui
1038 2234 1177 2297 sine
1212 2235 1327 2297 tua
1362 2254 1613 2297 summa
1655 2232 1844 2296 laude
1884 2229 2129 2315 fecerit,

218 2320 389 2406 Lyso
417 2342 588 2405 vero,
623 2342 821 2405 quum
848 2342 1098 2386 mecum
1123 2342 1325 2405 prope
1362 2319 1646 2406 quotidie
1675 2323 1845 2385 esset
1870 2341 2129 2404 unaque

219 2410 478 2494 viveret,
520 2430 658 2475 non
693 2410 920 2492 solum,
957 2410 1108 2494 quia
1142 2410 1419 2475 libenter
1453 2430 1556 2473 me
1591 2409 1813 2474 audire
1856 2408 2127 2475 arbitra-

216 2498 434 2581 batur,
496 2499 607 2564 sed
672 2498 823 2583 quia
883 2498 1190 2563 libentius
1252 2498 1391 2582 ipse
1444 2498 1854 2583 loquebatur,
1907 2498 2131 2563 omnia

149 2599 180 2649 3
217 2587 378 2652 mihi
430 2590 545 2651 tua
598 2590 664 2653 et
721 2587 896 2651 facta
948 2590 1015 2651 et
1067 2586 1239 2651 dicta
1291 2586 1616 2652 laudabat.
1705 2585 2130 2674 Quapropter,

219 2676 341 2741 etsi
386 2697 425 2740 a
468 2678 534 2740 te
579 2677 674 2740 ita
717 2677 1058 2760 tractatur,
1114 2679 1192 2739 ut
1234 2676 1364 2739 iam
1408 2696 1545 2740 non
1597 2673 1914 2739 desideret
1958 2695 2129 2741 com·

218 2763 697 2830 mendationem
740 2785 951 2828 meam
994 2763 1268 2849 unisque
1313 2785 1381 2829 se
1427 2764 1658 2828 litteris
1704 2763 1862 2828 meis
1909 2764 2131 2829 omnia

219 2857 632 2920 consecutum
676 2856 879 2937 putet,
921 2854 1143 2916 tamen
1178 2873 1218 2916 a
1251 2856 1318 2917 te
1354 2855 1505 2937 peto
1540 2852 1615 2916 in
1647 2852 1957 2917 maiorem
1992 2873 2127 2917 mo·

220 2942 389 3027 dum,
432 2946 509 3007 ut
552 2963 699 3006 eum
744 2941 939 3005 etiam
976 2944 1169 3024 atque
1207 2941 1402 3005 etiam
1436 2940 1566 3006 tuis
1607 2940 1854 3025 officiis,
1897 2940 2127 3005 libera-

216 3031 400 3095 litate
436 3031 880 3115 complectare.
952 3027 1308 3094 Scriberem
1344 3029 1427 3094 ad
1460 3032 1545 3113 te,
1580 3029 1787 3113 qualis
1815 3029 1913 3094 vir
1938 3032 2128 3113 esset,

217 3121 294 3181 ut
338 3118 773 3201 superioribus
817 3117 1049 3183 litteris
1093 3118 1400 3203 feceram,
1455 3118 1583 3182 nisi
1637 3139 1784 3183 eum
1836 3118 1967 3184 iam
2010 3139 2128 3204 per

220 3226 289 3267 se
332 3205 545 3288 ipsum
588 3206 709 3270 tibi
756 3206 914 3271 satis
959 3209 1191 3272 notum
1235 3228 1374 3273 esse
1420 3207 1782 3272 arbitrarer.

360 3358 463 3427 Ep.
493 3365 578 3426 24,
607 3367 655 3415 2.
712 3380 748 3417 a
783 3377 833 3429 o,
859 3365 1005 3433 quod
1032 3362 1184 3434 (W)
1258 3380 1379 3436 ayo,
1406 3364 1694 3436 quumM„
1722 3364 1912 3435 vulgo.
1942 3364 2124 3420 -dc·

215 3442 389 3566 {1333
389 3443 467 3536 ⁶1³-
486 3402 692 3555 ἀίέΐῖ..
716 3404 2125 3574 mavi223220m5210f⁶x²⁶353ff3m
