2338 3691
205 94 335 159 314
770 96 845 150 Μ.
884 95 1129 151 TULLII
1166 94 1548 167 closaoms

203 262 481 326 namque
536 240 809 306 assiduis
871 240 1287 305 internuntiis
1342 262 1486 306 cum
1541 240 1784 326 Lepido
1848 242 1980 327 egi,
2042 245 2121 307 ut

206 330 443 395 omissa
497 330 675 394 omni
730 330 1143 395 contentione
1199 330 1734 415 reconciliataque
1779 331 2118 396 voluntate

204 421 429 483 nostra
491 418 816 483 communi
875 418 1143 484 consilio
1207 418 1301 484 rei
1352 419 1647 504 publicae
1702 423 2119 504 succurreret,

206 529 292 589 se,
347 506 584 571 liberos
637 507 988 591 urbemque
1040 508 1245 592 pluris
1299 529 1492 592 quam
1544 529 1748 573 unum
1791 508 2118 593 perditum

206 595 651 680 abiectumque
695 596 1015 663 latronem
1058 599 1319 680 putaret
1364 596 1796 680 obsequioque
1843 619 1987 663 meo
1995 647 2014 681 ‚
2059 597 2115 662 si

135 693 168 745 2
204 684 297 748 ita
341 683 599 768 faceret,
644 684 725 750 ad
773 706 994 750 omnes
1038 705 1142 749 res
1189 685 1575 750 abuteretur.
1662 683 1942 751 Profecit
1996 686 2115 750 ita·

206 795 327 857 que
373 795 489 857 per
533 772 946 838 Laterensem
991 773 1460 841 internuntium
1509 773 1699 839 fidem
1744 774 1906 838 mihi
1941 773 2117 838 dedit

207 883 274 927 se
320 861 707 946 Antonium,
761 862 816 926 si
867 862 1209 947 prohibere
1261 862 1594 947 provincia
1652 883 1768 927 sua
1823 884 1959 928 non
2002 885 2113 948 po-

206 951 453 1035 tuisset,
495 950 666 1016 bello
713 953 1217 1036 persecuturum,
1260 972 1381 1035 me,
1425 953 1500 1016 ut
1538 950 1825 1017 venirem
1869 952 2114 1037 copias-

208 1061 329 1124 que
384 1039 868 1125 coniungerem,
930 1039 1203 1125 rogavit,
1266 1061 1466 1125 eoque
1520 1041 1756 1125 magis„
1819 1040 1991 1126 quod
2050 1044 2117 1105 et

206 1127 534 1195 Antonius
580 1128 662 1193 ab
709 1128 998 1212 equitatu
1049 1127 1274 1193 firmus
1319 1149 1458 1194 esse
1504 1128 1834 1194 dicebatur
1887 1133 1953 1194 et
1996 1127 2113 1194 Le-

204 1217 394 1301 pidus
456 1238 538 1282 ne
601 1217 986 1282 mediocrem
1058 1216 1316 1301 quidem
1379 1216 1738 1304 equitatum
1805 1218 2115 1301 habebat3

205 1328 358 1371 nam
405 1306 600 1370 etiam
645 1328 722 1370 ex
764 1305 1088 1391 paucitate
1135 1305 1272 1371 eius
1325 1327 1462 1371 non
1505 1307 1726 1372 multis
1780 1309 1931 1372 ante
1986 1306 2113 1371 die-

205 1394 328 1460 bus
374 1395 617 1478 decem,
663 1395 773 1479 qui
819 1394 1046 1478 optimi
1089 1393 1376 1479 fuerant,
1422 1395 1504 1460 ad
1549 1416 1651 1460 me
1695 1395 2113 1460 transierunt.

207 1482 452 1559 Quibus
495 1484 686 1548 rebus
741 1503 862 1570 ego
909 1483 1187 1569 cognitis
1242 1486 1579 1548 cunctatus
1633 1505 1768 1549 non
1823 1506 1990 1549 sum:
2044 1484 2115 1548 in

207 1594 397 1638 cursu
451 1573 770 1638 bonorum
833 1572 1249 1638 consiliorum
1301 1571 1617 1657 Lepidum
1679 1572 2113 1638 adiuvandum

136 1675 169 1726 3
205 1661 446 1745 putavi.
517 1660 854 1725 Adventus
898 1682 1078 1726 meus
1115 1661 1269 1746 quid
1303 1661 1708 1746 profecturus
1744 1665 1931 1747 esset,
1965 1661 2115 1746 vidi,

206 1750 308 1814 vel
372 1750 543 1833 quod
606 1749 897 1834 equitatu
958 1771 1100 1814 meo
1165 1749 1462 1834 persequi
1514 1749 1863 1816 Antonium
1920 1753 2113 1835 atque

209 1837 568 1924 opprimere
614 1838 970 1923 equitatum
1018 1838 1152 1905 eius
1197 1860 1473 1924 possem,
1516 1839 1618 1905 vel
1663 1840 1835 1924 quod
1882 1839 2112 1906 exerci-

204 1931 313 1992 tus
367 1926 593 2010 Lepidi
646 1948 789 1992 eam
841 1931 1118 2013 partem,
1183 1949 1347 2012 quae
1401 1932 1704 2013 corrupta
1755 1932 1855 1994 est
1908 1932 1975 1994 et
2031 1929 2112 1994 ab

205 2038 275 2081 re
319 2015 578 2101 publica
622 2016 928 2102 alienata,
982 2020 1047 2081 et
1099 2016 1418 2102 corrigere
1473 2020 1540 2082 et
1591 2021 1881 2083 coercere
1932 2039 2112 2102 prae·

208 2105 418 2170 sentia
460 2105 587 2168 mei
633 2105 945 2170 exercitus
996 2127 1272 2190 possem.
1361 2104 1588 2190 Itaque
1632 2105 1703 2169 in
1748 2106 1955 2191 Isara,
1997 2106 2112 2171 flu·

207 2194 379 2258 mine
442 2194 748 2279 maximo,
821 2194 990 2278 quod
1061 2194 1133 2258 in
1195 2194 1432 2260 finibus
1499 2197 1598 2259 est
1668 2193 2095 2280 Allobrogum

206 2287 405 2367 ponte
450 2303 582 2347 uno
621 2281 722 2346 die
758 2282 932 2347 facto
971 2283 1320 2347 exercitum
1356 2304 1412 2347 a.
1441 2281 1500 2347 d.
1544 2296 1673 2346 1111.
1717 2281 1871 2349 Idus
1907 2282 2113 2352 Maias

207 2371 480 2437 traduxi.
569 2370 778 2447 Quum
823 2392 974 2436 vero
1021 2371 1181 2442 mihi
1225 2372 1596 2435 nuntiatum
1650 2374 1819 2437 esset
1862 2370 1934 2437 L.
1978 2371 2113 2437 An·
2149 2423 2154 2424 ff

206 2460 460 2526 tonium
503 2460 927 2544 praemissum
971 2481 1117 2525 cum
1162 2459 1484 2544 equitibus
1521 2463 1587 2524 et
1622 2460 1994 2526 cohortibus
2031 2461 2114 2525 ad

205 2548 449 2615 Forum
492 2548 641 2614 Iulii
684 2548 955 2632 venisse,
997 2548 1265 2613 fratrem
1302 2570 1448 2613 cum
1487 2548 1775 2633 equitum
1811 2551 2115 2633 quattuor

206 2638 486 2721 milibus,
527 2640 604 2702 ut
640 2639 1000 2702 occurreret
1035 2637 1111 2721 ei,
1154 2636 1302 2701 misi
1339 2659 1395 2701 a.
1442 2636 1500 2702 d.
1526 2637 1569 2717 †
1595 2660 1653 2702 v.
1688 2635 1843 2703 Idus
1879 2637 2114 2721 Maias3

206 2728 344 2813 ipse
408 2726 702 2792 maximis
763 2726 1103 2790 itineribus
1166 2746 1313 2790 cum
1377 2728 1683 2810 quattuor
1751 2725 2113 2812 legionibus

136 2829 171 2877 4
207 2816 519 2902 expeditis
584 2818 650 2880 et
709 2814 956 2899 reliquo
1021 2814 1313 2898 equitatu
1386 2815 1753 2902 subsequar.
1863 2812 1932 2880 Si
1994 2837 2113 2881 nos

206 2904 544 2973 mediocris
597 2902 789 2969 modo
843 2903 1109 2969 fortuna
1160 2903 1255 2968 rei
1308 2903 1601 2988 publicae
1657 2903 1995 2989 adiuverit,
2051 2907 2116 2968 et

208 2994 510 3058 audaciae
572 2992 969 3076 perditorum
1041 2996 1106 3057 et
1166 2995 1426 3057 nostrae
1499 2991 1947 3058 sollicitudinis
2009 2992 2114 3058 hic

205 3081 401 3147 finem
447 3081 860 3166 reperiemus;
905 3080 1076 3165 quod
1123 3081 1179 3146 si
1222 3081 1390 3146 latro
1435 3081 1856 3167 praecognito
1889 3084 2113 3148 nostro

347 3236 450 3305 Ep
492 3242 573 3303 15,
603 3245 650 3292 2.
723 3238 1063 3294 transierant
1097 3237 1207 3308 (W.
1209 3241 1267 3308 )?
1339 3243 1389 3293 3.
1435 3239 1704 3295 exercitus
1728 3254 1943 3308 possem
1982 3237 2111 3306 (Mu)

207 3255 671 3431 221100222211222201
676 3315 806 3446 (ες.)
816 3309 879 3364 Β
905 3339 994 3434 512
1040 3308 1365 3452 aaa
1408 3308 1549 3436 ψ
1573 3309 2112 3451 (assem,
2078 3312 2111 3378 >

209 3444 384 3514 (W.)?
468 3444 530 3498 V.
572 3447 715 3502 Idus
748 3449 842 3518 M„
878 3452 1070 3523 vulgo.
