2338 3691
104 100 107 101 ἢ
239 132 370 196 366
802 132 877 188 M.
917 131 1165 187 TULLn
1201 131 1585 188 omnaoms

235 277 580 363 haberent,
626 278 1013 343 sententiam
1065 276 1223 343 ferri
1268 281 1591 363 oportere,
1633 277 1830 343 iidem
1875 277 1998 363 illi,
2044 277 2154 362 qui

241 368 472 451 solent,
513 368 970 432 reclamarunt:
1023 367 1242 451 ita'que
1297 367 1546 452 excepti
1600 367 1798 431 etiam
1851 366 2007 432 estis
2052 388 2155 431 me

239 456 653 522 vehementer
697 460 1119 542 repugnante.
1210 454 1524 531 Quocirca
1569 453 1902 541 Segulium
1949 455 2154 540 negli-

240 564 496 629 gamus,
561 545 671 629 qui
732 566 836 610 res
899 566 1103 611 novas
1158 544 1436 629 quaerit,
1497 566 1636 609 non
1689 566 1816 629 quo
1871 547 2156 609 veterem

240 632 589 698 comederit
641 670 726 681 -
781 634 1029 698 nullam
1095 634 1268 698 enim
1329 633 1707 699 habuit—
1621 669 1736 717 —‚
1809 632 1922 698 sed
1981 631 2157 697 hanc

168 734 201 783 3
238 721 449 806 ipsam
473 726 796 787 recentem
831 744 1069 789 novam
1106 721 1455 787 devoravit.
1527 720 1712 798 Quod
1750 725 1966 786 autem
2004 722 2156 787 scri-

238 809 341 875 bis
385 815 469 895 te,
516 810 689 896 quod
731 833 851 896 pro
895 814 961 876 te
1006 812 1149 896 ipso
1195 832 1333 876 non
1370 811 1591 895 facias,
1634 811 1703 877 id
1745 832 1866 896 pro
1910 832 2012 875 me
2055 810 2157 891 fa-

238 919 383 978 cere,
427 902 503 964 ut
547 899 625 965 de
669 921 773 964 me
815 901 1048 965 timeas
1093 899 1384 985 aliquid,
1408 898 1585 965 omni
1630 903 1725 985 te,
1768 900 1869 964 vir
1913 900 2158 983 optime

238 949 523 1073 mihique
577 989 904 1054 carissime
957 987 1189 1073 Brute,
1242 989 1321 1053 de
1366 1009 1468 1053 me
1521 992 1701 1054 metu
1753 988 1985 1072 liber03
2032 1009 2156 1091 ego

240 1097 440 1162 emm,
503 1098 669 1162 quae
729 1077 1053 1162 provideri
1104 1081 1441 1163 poterunt,
1479 1099 1639 1143 non
1688 1077 1881 1143 fallar
1931 1077 2004 1141 in
2056 1078 2160 1162 iis,

241 1187 405 1250 quae
449 1168 818 1233 cautionem
849 1187 987 1233 non
1020 1166 1374 1251 habebunt,
1419 1167 1553 1231 de
1532 1167 1613 1231 1is
1648 1187 1785 1232 non
1827 1167 1925 1234 ita
1966 1166 2158 1231 valde

237 1255 492 1339 laboro3
536 1256 658 1321 sim
694 1257 867 1321 enim
900 1254 1260 1341 impudens,
1304 1255 1359 1321 si
1394 1256 1540 1340 plus
1577 1258 1919 1341 postulem,
1958 1276 2158 1340 quam

169 1362 205 1408 4
239 1343 490 1410 homini
549 1367 588 1410 a
632 1366 846 1410 rerum
898 1348 1133 1410 natura
1175 1345 1377 1409 tribui
1430 1348 1663 1429 potest.
1754 1344 1940 1422 Quod
1992 1345 2158 1408 mihi

238 1435 575 1520 praecipis,
618 1438 695 1498 ut
738 1455 1016 1519 caveam,
1060 1456 1143 1499 ne
1188 1434 1476 1499 timendo
1522 1434 1732 1520 magis
1773 1434 2001 1498 timere
2050 1454 2157 1498 co-

241 1543 377 1609 gar,
421 1528 488 1588 et
532 1523 858 1608 sapienter
901 1526 970 1588 et
1002 1523 1387 1588 amicissime
1420 1523 1766 1608 praecipis3
1811 1522 1924 1595 sed
1959 1522 2157 1587 velim

238 1612 362 1677 tibi
405 1613 819 1698 persuadeas,
871 1634 1070 1696 quum
1112 1615 1181 1676 te
1226 1616 1481 1678 constet
1524 1613 1830 1677 excellere
1873 1612 1999 1676 hoc
2046 1632 2156 1697 ge-

239 1721 393 1765 nere
455 1701 742 1786 virtutis,
794 1704 870 1765 ut
923 1722 1278 1786 numquam
1333 1701 1736 1786 extimescas,
1797 1722 2157 1784 numquam

239 1789 633 1874 perturbere,
674 1811 778 1855 me
821 1790 972 1855 huic
1015 1792 1166 1855 tuae
1213 1789 1438 1856 virtuti
1491 1790 1780 1875 proxime
1826 1789 2157 1875 accedere;

242 1879 664 1963 quamobrem
706 1899 827 1944 nec
878 1882 1164 1943 metuam
1212 1880 1559 1964 quidquam
1613 1884 1679 1945 et
1733 1880 1971 1945 cavebo
2018 1901 2156 1945 om-

239 1967 369 2031 nia.
450 1967 571 2032 Sed
615 1967 779 2052 vide,
822 1989 905 2032 ne
949 1971 1065 2032 tua
1106 1968 1257 2051 iam,
1300 1970 1391 2033 mi
1436 1968 1654 2053 Brute,
1697 1970 1889 2053 culpa
1930 1968 2157 2032 futura

242 2056 345 2140 sit,
389 2056 445 2120 si
489 2077 612 2142 ego
658 2056 1007 2141 quidquam
1058 2057 1354 2140 timeam3
1407 2058 1538 2122 tuis
1584 2058 1757 2122 enim
1811 2057 2040 2142 opibus
2088 2061 2158 2121 et

243 2145 581 2210 consulatu
606 2148 740 2228 tuo,
776 2145 1028 2209 etiamsi
1063 2145 1273 2210 timidi
1310 2167 1614 2231 essemus,
1647 2150 1867 2211 tamen
1895 2167 2156 2211 omnem

108 2272 117 2280 -
239 2233 538 2298 timorem
583 2233 1028 2318 abiiceremuS‚
1088 2236 1467 2319 praesertim
1524 2257 1722 2319 quum
1774 2257 2156 2319 persuasum

80 2337 87 2344 ‘
243 2322 543 2388 omnibus
588 2325 761 2388 esset
801 2322 1086 2408 mihique
1130 2323 1411 2389 maxime
1467 2345 1507 2388 a
1549 2327 1615 2389 te
1660 2345 1781 2390 nos
1826 2324 2014 2388 unice
2060 2323 2154 2388 di-

170 2424 203 2474 5
238 2410 374 2496 ligi.
459 2408 762 2477 Consiliis
803 2412 955 2497 tuis,
999 2433 1163 2497 quae
1210 2413 1434 2477 scribis
1480 2413 1560 2478 de
1605 2415 1911 2497 quattuor
1952 2413 2152 2498 legio-

240 2500 433 2564 nibus
478 2500 682 2586 deque
727 2500 901 2586 agris
947 2500 1356 2586 assignandis
1402 2500 1485 2566 ab
1529 2504 1803 2586 utroque
1848 2504 2156 2587 vestrum,

240 2589 654 2655 vehementer
698 2588 1039 2654 assentior.
1084 2590 1322 2675 itaque,
1367 2612 1565 2675 quum
1610 2590 1871 2674 quidam
1908 2590 1986 2655 de
2022 2591 2152 2656 col·

239 2679 403 2765 legis
429 2678 671 2743 nostris
708 2678 1030 2764 agrariam
1064 2678 1465 2744 curationem
1490 2679 1885 2765 ligurrirent,
1919 2679 2151 2744 distur-

240 2768 391 2834 bavi
451 2790 590 2833 rem
648 2770 982 2870 totamque
1035 2768 1221 2834 vobis
1273 2768 1597 2854 integram
1654 2768 1992 2834 reservavi.
2083 2767 2153 2833 Si

242 2857 394 2942 quid
441 2856 565 2922 erit
609 2856 921 2923 occultius
958 2859 1041 2939 et,
1084 2859 1160 2920 ut
1197 2856 1443 2942 scribis,
1485 2857 1693 2942 magis
1730 2857 2154 2941 reconditum,

239 2967 528 3011 meorum
575 2946 854 3031 aliquem
897 2945 1171 3028 mittam,
1216 2966 1344 3031 quo
1389 2908 1641 3011 fi’delius
1678 2946 1759 3011 ad
1795 2950 1861 3011 te
1896 2947 2154 3011 litterae

239 3035 665 3136 perferantur.
752 3033 856 3099 Pr.
899 3032 1072 3099 Non.
1115 3033 1259 3099 11111.

380 3260 482 3330 Ep.
529 3267 625 3330 21,
669 3267 722 3317 3.
812 3261 1089 3317 carissime
1147 3260 1328 3318 Brute
1399 3261 1521 3331 (M.‚
1574 3262 1786 3335 vulgo).
1894 3277 1937 3317 c.
1997 3262 2152 3334 [Βῆ]

240 3328 464 3398 Kleyn.‚
500 3330 562 3385 B.
653 3336 703 3386 5.
759 3333 829 3387 ab
865 3338 1093 3404 utroque
1128 3332 1253 3404 (L..)
1326 3333 1396 3389 ab
1432 3334 1677 3405 utrique
1723 3334 1816 3403 Μ.,
1854 3334 2153 3404 vulgo.-

240 3401 451 3467 scribis,
485 3403 661 3470 maqis
694 3418 794 3458 rec.
834 3405 942 3474 (W.
946 3407 983 3474 ).
1053 3420 1118 3473 3.,
1152 3421 1200 3459 r.
1237 3403 1331 3474 Μ.
1366 3405 1556 3478 vulgo.
