2338 3691
255 102 389 166 434
824 102 898 156 M.
940 101 1186 157 TULLII
1222 100 1602 157 CICERONIS

1108 317 1321 384 XVII.

823 418 936 475 Sor.
977 419 1189 476 Romae
1227 438 1276 475 a.
1314 439 1367 474 u.
1406 437 1454 476 c.
1495 426 1613 476 708.

636 543 711 599 M.
751 515 1009 600 mosao
1051 544 1105 598 S.
1142 544 1210 598 D.
1252 544 1401 599 ssa.
1446 543 1790 600 SULPICIO.

388 632 496 701 M’.
559 633 815 720 Curius,
888 636 997 720 qui
1058 634 1271 701 Patris
1342 637 1748 722 negotiatur,
1820 635 2044 701 multis
2112 639 2178 700 et

256 725 512 810 magnis
556 725 636 789 de
681 725 891 789 causis
946 746 986 788 a
1029 746 1131 789 me
1188 724 1501 810 diligitur:
1556 746 1710 791 nam
1767 728 1834 789 et
1887 723 2176 788 amicitia

255 816 554 897 pervetus
613 813 772 878 mihi
837 834 981 877 cum
1046 834 1121 877 eo
1187 816 1311 898 est,
1368 817 1444 879 ut
1496 813 1776 898 primum
1829 812 1900 878 in
1953 812 2174 878 forum

257 902 464 987 venit,
524 903 851 984 instituta,
916 905 982 966 et
1033 900 1246 966 Patris
1311 924 1509 986 quum
1562 902 1904 1003 aliquoties
1960 904 2175 985 antea,

255 992 395 1055 tum
438 991 726 1076 proxime
769 990 895 1055 hoc
940 990 1298 1056 miserrimo
1344 991 1514 1055 bello
1570 990 1799 1055 domus
1846 991 1981 1054 eius
2029 993 2176 1054 tota

256 1079 416 1143 mihi
459 1080 698 1165 patuit,
753 1102 907 1163 qua,
961 1079 1016 1143 si
1063 1101 1226 1163 opus
1272 1078 1526 1164 fuisset,
1576 1083 1718 1143 tam
1761 1098 1968 1144 essem
2013 1100 2173 1143 usus

257 1191 450 1252 quam
496 1191 664 1252 mea3
708 1168 1058 1233 maximum
1095 1170 1311 1233 autem
1347 1167 1509 1232 mihi
1545 1168 1870 1232 vinculum
1910 1189 2056 1232 cum
2093 1189 2173 1232 eo

257 1260 355 1321 est
411 1258 595 1343 quasi
653 1257 992 1322 sanctioris
1048 1256 1382 1321 cuiusdam
1426 1256 1942 1340 necessitudiniS,
1998 1256 2172 1339 quod

256 1349 354 1410 est
380 1346 584 1411 Attici
619 1346 828 1412 nostri
864 1344 1399 1410 familiarissimus
1438 1366 1709 1429 eumque
1745 1366 1949 1410 unum
1985 1365 2171 1428 prae·

256 1437 354 1498 ter
383 1438 627 1500 ceteros
655 1435 955 1500 observat
982 1455 1057 1497 ac
1086 1434 1315 1519 diligit.
1389 1431 1592 1508 Quem
1631 1434 1685 1498 si
1718 1437 1793 1498 tu
1832 1433 1963 1498 iam
1999 1432 2173 1497 forte

257 1524 580 1608 cognosti,
622 1526 782 1608 puto
837 1543 938 1587 me
992 1522 1143 1606 hoc,
1198 1521 1369 1605 quod
1421 1522 1620 1606 facio,
1670 1522 1883 1587 facere
1938 1522 2174 1605 serius3

257 1633 333 1675 ea
379 1616 478 1677 est
523 1613 693 1677 enim
729 1611 1133 1676 humanitate
1182 1614 1247 1674 et
1284 1611 1712 1694 observantia,
1755 1614 1829 1675 ut
1866 1631 2011 1674 eum
2047 1610 2171 1674 tibi

254 1700 386 1764 iam
413 1701 624 1785 ipsum
652 1723 767 1785 per
795 1722 861 1764 se
891 1699 1409 1765 commendatum
1447 1703 1694 1784 putem3
1741 1699 1912 1783 quod
1947 1701 2171 1763 tamen

256 1788 311 1853 si
355 1789 450 1854 ita
493 1792 609 1874 est,
652 1810 892 1875 magno
932 1809 1122 1873 opere
1171 1810 1209 1853 a
1245 1792 1310 1853 te
1348 1809 1606 1873 quaeso,
1649 1791 1726 1853 ut
1760 1787 1842 1853 ad
1880 1809 2023 1853 eam
2059 1809 2169 1853 vo-

254 1877 598 1963 luntatem,
653 1879 707 1942 si
752 1900 945 1961 quam
990 1878 1061 1941 in
1104 1879 1288 1942 illum
1334 1880 1484 1942 ante
1529 1878 1649 1942 has
1693 1899 1871 1941 meas
1916 1877 2167 1941 litteras

257 1967 613 2050 contulisti,
667 1989 859 2051 quam
922 1966 1240 2031 maximus
1304 1968 1521 2050 potest
1572 1987 1717 2030 mea
1762 1966 2167 2030 commenda-

256 2054 432 2120 tione
480 2056 771 2120 cumulus
817 2054 1104 2119 accedat:
1151 2056 1255 2119 sin
1300 2060 1515 2120 autem
1552 2058 1820 2139 propter
1864 2075 2166 2118 verecun-

258 2142 430 2207 diam
476 2165 659 2208 suam
702 2144 916 2217 minus
965 2164 1031 2209 se
1074 2143 1198 2208 tibi
1244 2143 1482 2209 obtulit
1525 2147 1639 2208 aut
1683 2142 1973 2207 nondum
2020 2164 2167 2207 eum

258 2232 416 2296 satis
459 2232 660 2298 habes
697 2233 1031 2318 cognitum
1067 2236 1182 2296 aut
1218 2253 1381 2315 quae
1420 2253 1614 2296 causa
1650 2235 1765 2316 est,
1811 2252 1924 2295 cur
1968 2231 2164 2296 maio-

256 2320 345 2384 ris
375 2322 947 2386 commendationis
976 2320 1283 2406 indigeat,
1320 2320 1411 2384 sic
1445 2319 1566 2384 tibi
1595 2342 1743 2384 eum
1770 2320 2165 2402 commendO,

256 2412 332 2472 ut
356 2430 564 2493 neque
603 2410 843 2475 maiore
881 2409 1092 2474 studio
1123 2430 1507 2493 quemquam
1544 2430 1753 2491 neque
1788 2407 2164 2473 iustioribus
2265 2475 2278 2490 ,

256 2496 335 2561 de
382 2500 589 2563 causis
635 2497 1082 2564 commendare
1126 2498 1396 2581 possim,
1439 2496 1798 2580 faciamque
1843 2495 1937 2579 id,
1994 2496 2163 2579 quod

258 2585 494 2651 debent
519 2587 728 2651 facere
757 2587 821 2670 ii,
859 2586 969 2670 qui
1004 2586 1301 2670 religiose
1340 2588 1406 2649 et
1440 2585 1578 2650 sine
1616 2583 1966 2649 ambitione
1996 2605 2164 2649 com-

255 2676 589 2740 mendant:
636 2674 966 2759 spondebo
1003 2675 1176 2738 enim
1212 2673 1333 2737 tibi
1367 2673 1469 2737 vel
1509 2674 1725 2757 potius
1762 2671 2049 2758 spondeo
2095 2674 2164 2736 in

255 2786 482 2848 meque
510 2764 749 2848 recipio
789 2784 898 2828 eos
927 2784 1065 2827 esse
1094 2761 1201 2825 Μ’.
1230 2759 1405 2827 Curii
1432 2783 1642 2827 mores
1673 2782 1939 2845 eamque
1968 2782 2162 2844 quum

254 2853 663 2936 probitatem,
696 2855 837 2916 tum
873 2851 1070 2916 etiam
1094 2850 1585 2934 humanitatem,
1620 2853 1695 2914 ut
1730 2871 1876 2914 eum
1917 2853 1984 2913 et
2011 2850 2162 2914 ami·

256 2941 408 3006 citia
460 2944 575 3005 tua
628 2944 695 3005 et
744 2944 882 3005 tam
936 2942 1236 3004 accurata
1290 2938 1871 3020 commendatione,
1934 2938 1990 3001 si
2046 2937 2163 3001 tibi

257 3031 344 3094 sit
388 3030 705 3115 cognitus,
750 3029 1019 3114 dignum
1065 3028 1152 3091 sis
1198 3027 1693 3092 existimaturus.
1783 2988 1946 3091 Mihi
1996 3029 2161 3090 certe

257 3118 695 3201 gratissimum
737 3117 990 3200 feceriS,
1046 3117 1101 3179 si
1145 3117 1518 3181 intellexero
1564 3114 1684 3179 has
1729 3115 1979 3179 litteras
2024 3117 2161 3179 tan-

255 3208 452 3354 Rure,
460 3209 771 3288 quantum
817 3205 1102 3270 scribens
1139 3204 1557 3289 confidebam,
1602 3204 1774 3288 apud
1808 3206 1876 3266 te
1912 3203 2162 3287 pondus

307 3312 345 3354 a
389 3291 575 3356 uisse.

401 3444 504 3514 ΕΡ·
545 3454 626 3513 17,
659 3454 705 3502 1.
777 3467 906 3519 qua,
941 3451 993 3506 si
1026 3466 1164 3520 opus
1201 3451 1350 3520 (W.).
1422 3467 1534 3521 qua
1566 3451 1619 3504 si
1652 3465 1701 3505 o.
1738 3450 1799 3504 B.
