2338 3691
238 69 372 133 270
805 69 881 124 Μ.
920 69 1168 124 TULLII
1205 68 1588 124 CICERONIS

240 214 319 280 de
362 213 435 278 P.
481 213 696 279 Sullae
739 217 966 299 morte,
1011 217 1360 298 antequam
1404 196 1649 279 certum
1696 215 1934 280 scierit·
1978 237 2162 281 nune

241 323 544 388 quaerere
590 302 935 387 desierunt,
980 324 1107 394 quo
1151 303 1346 368 modo
1383 303 1670 388 perierit3
1717 304 1873 368 satis
1918 308 2162 388 putant

241 412 310 456 se
357 395 535 475 scire,
580 390 753 475 quod
800 392 1030 456 sciunt.
1118 391 1266 477 Ego
1313 393 1638 477 ceteroqui
1684 393 1900 457 animo
1947 414 2159 478 aequo

238 480 407 565 fero;
449 501 654 544 unum
696 501 937 565 vereor,
982 502 1064 545 ne
1108 480 1301 546 hasta
1347 478 1639 546 Caesaris
1682 481 2025 546 refrixerit.

1130 709 1247 776 XI.

557 829 672 887 Scr.
710 831 950 887 Asturae
986 848 1178 887 mense
1212 830 1419 886 Martio
1455 847 1506 887 a.
1533 850 1594 886 u.
1633 848 1679 886 c.
1714 838 1829 886 709.

759 972 1017 1028 CICERO
1053 972 1536 1029 DOLABELLAE
1576 972 1628 1028 S.

168 1094 199 1145 1
370 1079 497 1147 Vel
547 1103 691 1147 meo
745 1082 948 1167 ipsius
1010 1082 1280 1148 interitu
1340 1083 1600 1147 mallem
1661 1082 1911 1146 litteras
1972 1103 2161 1148 meas

238 1170 631 1235 desiderares
676 1192 870 1255 quam
917 1193 993 1236 eo
1040 1192 1220 1256 casu,
1272 1193 1400 1256 quo
1449 1193 1591 1235 sum
1637 1171 2009 1256 gravissime
2054 1172 2156 1235 af-

236 1259 473 1343 flictus3
528 1281 720 1344 quem
771 1260 1009 1325 ferrem
1062 1264 1234 1325 certe
1279 1259 1700 1344 moderatius,
1746 1260 1801 1324 si
1844 1263 1908 1325 te
1953 1259 2156 1324 habe·

235 1370 398 1432 rem3
450 1370 607 1414 nam
650 1352 717 1413 et
761 1349 969 1414 oratio
1014 1352 1130 1414 tua
1173 1349 1456 1434 prudens
1503 1351 1568 1413 et
1621 1370 1802 1414 amor
1846 1369 2001 1434 erga
2043 1371 2154 1413 me

237 1437 583 1522 singularis
628 1438 906 1502 multum
941 1437 1212 1520 levaret3
1258 1438 1388 1522 sed,
1433 1437 1740 1521 quoniam
1774 1438 1955 1502 brevi
1988 1440 2152 1502 tem-

236 1549 421 1611 pore,
465 1530 541 1591 ut
586 1526 805 1611 opinio
850 1530 1077 1592 nostra
1123 1528 1240 1611 est,
1282 1529 1349 1590 te
1394 1547 1536 1590 sum
1581 1526 1862 1610 visurus,
1905 1525 2001 1590 ita
2041 1548 2152 1590 me

236 1615 537 1679 affectum
591 1615 903 1700 offendes,
955 1618 1031 1679 ut
1082 1615 1358 1679 multum
1417 1637 1457 1678 a
1508 1617 1574 1679 te
1627 1615 1872 1699 possim
1922 1615 2153 1699 iuvari,

234 1724 371 1768 non
417 1724 544 1787 quo
589 1703 685 1767 ita
730 1704 853 1768 sim
895 1704 1161 1789 fractuS,
1206 1706 1282 1768 ut
1326 1706 1440 1769 aut
1481 1702 1812 1768 hominem
1858 1725 1961 1768 me
2008 1725 2150 1767 esse

236 1791 474 1857 oblitus
550 1791 671 1856 sim
744 1795 859 1857 aut
926 1793 1229 1859 fortunae
1303 1792 1845 1857 succumbendum
1906 1794 2151 1878 putem,

236 1880 348 1945 sed
409 1882 632 1945 tamen
691 1881 986 1947 hilaritas
1039 1883 1153 1947 illa
1206 1885 1432 1947 nostra
1485 1884 1552 1946 et
1610 1882 1893 1946 suavitas
1900 1920 1931 1967 ,·
1982 1903 2150 1966 quae

233 1973 299 2033 te
352 1972 608 2053 praeter
671 1973 917 2036 ceteros
982 1971 1369 2055 delectabat,
1430 1973 1653 2055 erepta
1713 1970 1873 2034 mihi
1937 1970 2149 2035 omnis

234 2060 359 2140 est3
401 2057 774 2124 firmitatem
818 2062 1040 2124 tamen
1084 2064 1151 2125 et
1197 2058 1646 2144 constantiam,
1692 2059 1747 2123 si
1782 2059 1974 2124 modo
2018 2059 2150 2123 fuit

234 2146 580 2230 aliquando
624 2148 697 2212 in
738 2148 929 2213 nobis
937 2200 956 2234 ,
1009 2148 1278 2213 eandem
1325 2169 1702 2234 cognosces,
1756 2170 1950 2232 quam
2001 2147 2147 2211 reli-

164 2248 195 2296 2
235 2235 449 2320 quisti.
538 2234 724 2313 Quod
779 2237 1003 2302 scribis
1066 2238 1314 2322 proelia
1374 2240 1440 2301 te
1503 2259 1649 2301 mea
1705 2258 1909 2301 causa.
1958 2236 2147 2300 susti·

232 2346 404 2409 nere,
448 2347 585 2390 non
619 2328 757 2390 tam
792 2325 859 2389 id
899 2327 1143 2411 laboro,
1188 2329 1279 2409 ut,
1326 2325 1380 2390 si
1418 2326 1528 2410 qui
1562 2325 1724 2389 mihi
1765 2325 2148 2410 obtrectent,

234 2437 274 2478 a
325 2417 390 2478 te
453 2414 845 2500 refutentur,
899 2436 1093 2499 quam
1143 2414 1424 2501 intelligi
1479 2415 1697 2499 cupio,
1754 2413 1927 2498 quod
1973 2416 2147 2479 certe

231 2503 643 2589 intelligitur,
703 2525 808 2569 me
872 2526 912 2568 a
964 2506 1031 2568 te
1095 2503 1314 2568 amari.
1414 2501 1600 2580 Quod
1661 2507 1738 2568 ut
1798 2502 1998 2567 facias
2007 2554 2025 2585 ,
2076 2506 2148 2567 te

233 2593 428 2657 etiam
474 2596 666 2677 atque
713 2592 910 2657 etiam
952 2613 1113 2678 rogo
1157 2592 1585 2678 ignoscasque
1629 2592 1931 2656 brevitati
1974 2591 2146 2655 litte-

231 2704 449 2747 rarum
503 2703 818 2765 mearum3
870 2703 1024 2746 nam
1078 2683 1144 2745 et
1198 2681 1487 2746 celeriter
1538 2702 1671 2745 una
1722 2681 1976 2745 futuros
2021 2701 2147 2744 nos

233 2771 511 2836 arbitror
555 2774 623 2835 et
664 2770 957 2837 nondum
997 2790 1139 2836 sum
1183 2769 1342 2836 satis
1395 2770 1810 2837 confirmatus
1864 2768 1946 2834 ad
1993 2769 2147 2834 scri-

231 2860 533 2925 bendum.

233 3085 612 3224 Kayepru,
653 3092 700 3142 1.
791 3102 924 3141 nam
975 3090 1027 3141 et
1069 3101 1149 3141 or.
1207 3086 1330 3155 (M.
1366 3069 1575 3156 vusgo).
1665 3103 1797 3141 nam
1847 3100 1927 3140 me
1974 3089 2027 3141 et
2062 3100 2148 3140 or.
