2338 3691
224 150 310 214 22
805 150 881 203 Μ.
919 147 1166 204 TULLII
1194 147 1574 204 CICERONIS

222 297 623 361 voluntatem
669 292 753 358 ad
797 294 1031 358 summi
1074 293 1199 358 viri
1242 294 1321 357 de
1366 314 1594 378 meque
1650 292 1890 376 optime
1926 292 2148 360 meriti

122 396 187 445 12
227 383 611 469 dignitatem
674 402 1145 468 aggregassem.
1255 381 1338 446 In
1396 381 1521 446 hac
1584 380 1908 445 sententia
1969 402 2147 446 com-

223 471 598 557 plectendus
645 474 785 535 erat
827 470 987 535 mihi
1023 468 1279 555 Caesar,
1320 472 1397 534 ut
1439 469 1636 552 vides,
1680 470 1752 533 in
1796 470 2150 535 coniuncta

225 563 292 625 et
336 581 530 624 causa
575 563 641 623 et
685 559 1026 645 dignitate·
1070 559 1179 624 hic
1223 559 1500 623 multum
1541 520 1749 623 va’luit
1793 579 1989 643 quum
2037 579 2148 623 ve-
2249 560 2258 566 ”

224 653 330 713 1118
378 648 687 730 amicitia,
732 670 926 731 quam
968 650 1044 711 tu
1087 669 1226 713 non
1269 648 1535 732 ignoras
1581 646 1742 710 mihi
1787 650 1854 710 et
1898 644 2147 721 Quinto

224 736 413 801 fratri
458 758 603 801 cum
651 699 923 801 Caesare
979 735 1209 820 fuisse,
1260 739 1402 799 tum
1455 735 1826 799 humanitas
1879 734 2016 799 eius
2064 756 2148 800 ac

224 825 578 889 liberalitas
632 825 813 890 brevi
863 828 1154 909 tempore
1211 827 1278 888 et
1320 823 1553 888 litteris
1599 826 1668 887 et
1724 822 1954 888 officiis
1997 843 2149 924 per-

227 917 448 998 specta
491 913 680 979 nobis
726 916 794 977 et
837 913 1127 998 cognita3
1171 911 1584 991 vehementer
1621 911 1819 976 etiam
1859 932 1963 975 res
1997 911 2150 995 ipsa

224 1002 485 1086 publica
528 1023 632 1066 me
677 1001 907 1085 movit,
965 1022 1130 1085 quae
1183 1000 1345 1065 mihi
1397 1000 1738 1066 videbatur
1783 1000 2149 1065 contentio-

225 1112 402 1175 nem,
459 1090 840 1174 praesertim
890 1088 1187 1153 maximis
1248 1089 1441 1154 rebus
1505 1111 1545 1153 a
1598 1086 1869 1153 Caesare
1925 1088 2150 1174 gestis,

227 1201 374 1244 cum
416 1178 549 1243 illis
602 1178 756 1243 viris
808 1178 983 1242 nolle
1035 1176 1178 1241 fieri
1222 1180 1306 1262 et,
1361 1198 1446 1242 ne
1488 1176 1689 1260 fieret,
1731 1176 2150 1241 vehementer

225 1288 548 1352 recusare3
615 1266 992 1353 gravissime
1055 1269 1274 1330 autem
1330 1287 1433 1330 me
1494 1266 1567 1330 in
1625 1265 1797 1330 hanc
1859 1268 2147 1329 mentem

225 1357 485 1441 impulit
529 1359 597 1420 et
637 1354 929 1441 Pompeii
971 1354 1159 1438 fides,
1214 1375 1411 1437 quam
1454 1354 1532 1418 de
1585 1375 1689 1419 me
1734 1351 1994 1418 Caesari
2037 1353 2147 1417 de-

227 1446 427 1530 derat,
463 1448 529 1509 et
553 1444 774 1509 fratris
801 1444 947 1527 mei,
980 1465 1176 1528 quam
1202 1441 1537 1527 Pompei03
1581 1446 1767 1507 erant
1809 1443 2148 1526 praeterea

225 1533 388 1597 haec
441 1532 1011 1597 animadvertenda
1063 1532 1135 1595 in
1190 1531 1475 1614 civitate,
1539 1552 1701 1614 quae
1764 1533 1919 1594 sunt
1970 1530 2146 1614 apud

226 1619 568 1685 Platonem
621 1624 917 1684 nostrum
981 1620 1222 1703 scripta
1278 1618 1612 1702 divinituS,
1670 1619 1891 1702 quales
1944 1618 2015 1682 in
2069 1639 2145 1683 re

229 1708 487 1793 publica
543 1708 865 1793 principes
919 1711 1162 1793 essent,
1219 1708 1385 1771 tales
1427 1708 1708 1791 reliquos
1754 1707 1957 1771 solere
2001 1727 2146 1770 esse

228 1797 417 1863 cives.
507 1795 837 1861 Tenebam
879 1796 1190 1862 memoria
1231 1796 1422 1861 nobis
1467 1795 1838 1862 consulibus
1883 1816 1958 1859 ea
1990 1793 2145 1859 fun-

230 1886 534 1950 damenta
556 1884 730 1949 iacta
753 1885 886 1950 iam
920 1907 1000 1950 ex
1025 1885 1338 1949 Kalendis
1364 1884 1683 1950 Ianuariis
1719 1883 2148 1949 confirmandi

232 1977 522 2058 senatus,
585 1976 663 2037 ut
714 1974 1039 2038 neminem
1099 1974 1323 2038 mirari
1385 1975 1711 2059 oporteret
1761 1971 1826 2037 N
1829 1972 1972 2037 onis
2016 1971 2146 2037 De-

232 2062 464 2128 cembr.
516 2064 777 2126 tantum
827 2063 932 2126 vel
984 2062 1187 2126 animi
1237 2062 1438 2125 fuisse
1491 2061 1562 2126 in
1603 2062 1716 2126 illo
1772 2060 1995 2125 ordine
2038 2061 2149 2125 vel

232 2150 654 2235 auctoritatis,
697 2149 992 2235 idemque
1037 2150 1457 2215 memineram
1499 2150 1688 2214 nobis
1723 2149 1993 2233 privatis
2037 2169 2146 2213 118-

233 2261 356 2325 que
402 2237 484 2303 ad
530 2236 870 2304 Caesarem
923 2241 989 2303 et
1031 2237 1339 2303 Bibulum
1384 2239 1704 2312 consules,
1760 2258 1957 2321 quum
2001 2257 2148 2302 sen-

232 2328 479 2392 tentiae
514 2331 777 2392 nostrae
811 2348 1123 2413 magnum
1159 2327 1232 2390 in
1269 2329 1498 2390 senatu
1532 2325 1786 2410 pondus
1811 2326 2147 2409 haberent,

132 2437 197 2487 13
233 2439 436 2481 unum
469 2416 604 2481 fere
641 2438 903 2481 sensum
934 2416 1133 2481 fuisse
1169 2415 1492 2480 bonorum
1526 2414 1832 2479 omnium.
1891 2412 2148 2498 Postea,

236 2527 434 2589 quum
484 2507 559 2570 tu
613 2503 999 2590 Hispaniam
1043 2503 1405 2568 citeriorem
1459 2523 1606 2567 cum
1656 2503 1926 2586 imperio
1982 2502 2147 2566 obti-

234 2614 421 2658 neres
465 2613 674 2676 neque
718 2614 822 2657 res
868 2592 1129 2676 publica
1164 2592 1461 2656 consules
1495 2590 1782 2675 haberet,
1826 2590 1938 2656 sed
1981 2612 2146 2654 mer·

236 2685 486 2747 catores
539 2681 1015 2765 provinciarum
1067 2682 1135 2743 et
1188 2679 1577 2745 seditionum
1630 2700 1848 2744 servos
1902 2700 1978 2743 ac
2030 2679 2148 2743 mi·

235 2771 494 2854 11181108,
506 2769 657 2834 iecit
683 2768 943 2852 quidam
971 2788 1156 2832 casus
1185 2772 1380 2851 caput
1405 2790 1619 2833 meum
1646 2768 1829 2851 quasi
1856 2767 2149 2832 certami-

235 2859 339 2924 nis
375 2879 570 2923 causa
604 2857 676 2920 in
710 2856 987 2920 mediam
1031 2856 1513 2921 contentionem
1558 2855 2147 2938 dissensionemque

238 2946 514 3030 civilem,
568 2966 695 3030 quo
749 2945 821 3008 in
865 2944 1229 3009 discrimine
1276 2966 1473 3029 quum
1517 2945 1821 3009 mirificus
1868 2949 2150 3027 senatus,

237 3033 628 3098 incredibilis
673 3031 900 3098 Italiae
943 3034 1176 3116 totius,
1222 3033 1567 3118 singularis
1613 3033 1902 3098 omnium
1946 3032 2148 3098 bono—

238 3142 384 3186 rum
435 3142 786 3187 consensus
841 3121 912 3186 in
964 3144 1068 3186 me
1122 3121 1365 3186 tuendo
1428 3122 1805 3204 exstitisset,
1866 3141 2002 3185 non
2057 3119 2149 3184 di-

239 3230 399 3294 cam,
443 3209 599 3294 quid
643 3209 946 3274 acciderit
972 3245 1056 3257 —
1085 3211 1439 3275 multorum
1492 3213 1593 3275 est
1644 3209 1818 3274 enim
1863 3213 1930 3274 et
1974 3208 2152 3275 varia

380 3417 484 3488 Ep.
522 3423 677 3485 9,13.
728 3417 994 3484 mirificus
1022 3417 1282 3487 (Gi-aevu)
1332 3418 1572 3487 mirifica
1597 3417 1727 3472 ΜΒ.
1758 3446 1827 3459 -
1864 3433 2154 3474 consensus

241 3487 358 3558 (M).
431 3489 708 3543 consensio
744 3488 798 3543 N
808 3488 871 3543 B
1006 3545 1011 3548 ,
