2338 3691
758 128 1276 216 EPISTOIaARUM
1314 129 1431 185 VII.
1470 135 1626 185 3—5.
2027 126 2153 193 199

1126 379 1244 446 IV.

758 491 873 548 Ser.
903 492 963 546 in
991 492 1239 547 Cumano
1269 509 1318 547 a.
1348 512 1401 547 u.
1432 509 1477 547 c.
1510 499 1629 547 708.

660 613 736 669 M.
791 615 1047 672 CICERO
1105 616 1158 671 S.
1212 616 1279 670 D.
1333 615 1408 670 M.
1464 615 1716 670 MARIO.

373 713 451 780 A.
493 714 550 780 d.
596 728 775 779 V1111.
811 715 957 780 Kal.
1002 717 1073 803 in
1110 713 1474 784 Cumanum
1517 717 1666 781 veni
1712 736 1859 781 cum
1903 713 2153 781 Libone
2192 725 2214 776 1

221 808 354 870 tuo
399 805 502 870 vel
545 807 771 869 nostro
826 805 1071 889 potius3
1128 804 1201 870 in
1252 804 1721 889 Pompeianum
1774 805 1995 867 statim
2051 826 2154 869 co-

223 894 401 979 gito,
444 893 555 957 sed
598 893 834 957 faciam
880 896 1032 957 ante
1077 896 1143 958 te
1190 894 1545 958 certiorem.
1619 892 1709 957 Te
1747 914 1945 976 quum
1992 914 2153 957 sem-

227 1003 358 1067 per
403 981 612 1046 valere
659 983 867 1066 cupio,
909 986 1052 1047 tum
1097 986 1287 1066 certe,
1333 981 1487 1047 dum
1530 981 1637 1046 hic
1684 1003 1931 1064 sumus3
1975 981 2154 1046 vides

229 1070 443 1154 enim,
506 1074 747 1154 quanto
810 1074 964 1155 post
1024 1092 1157 1135 una
1216 1070 1420 1135 futuri
1482 1071 1700 1136 simus.
1799 1069 2036 1155 Quare,
2099 1070 2156 1135 si

227 1159 418 1243 quod
472 1159 897 1224 constitutum
951 1179 1098 1224 cum
1150 1159 1440 1244 podagra
1493 1159 1693 1223 habes
1704 1209 1722 1243 ,
1772 1159 1904 1243 fac,
1957 1162 2032 1223 ut
2083 1158 2156 1223 in

227 1248 444 1312 alium
488 1247 655 1312 diem
702 1248 979 1312 differas.
1068 1245 1241 1313 Cura
1283 1248 1502 1333 igitur,
1544 1251 1621 1313 ut
1661 1247 1898 1332 valeas,
1943 1250 2010 1311 et
2053 1267 2154 1312 me

223 1336 373 1401 hoc
414 1335 609 1401 biduo
657 1340 772 1401 aut
813 1336 1031 1401 triduo
1078 1341 1395 1422 exspecta.

1152 1529 1234 1596 V.

573 1640 685 1698 Sor.
723 1643 934 1697 Romae
973 1659 1163 1698 mense
1200 1642 1405 1697 Martio
1444 1659 1492 1696 a.
1531 1661 1584 1696 u.
1624 1660 1669 1697 c.
1710 1647 1831 1697 700.

706 1766 961 1822 CICERO
999 1766 1309 1822 CAESARI
1345 1766 1491 1821 IMP.
1531 1765 1585 1820 S.
1622 1766 1689 1821 D.

377 1865 573 1951 Vide,
627 1888 821 1951 quam
864 1867 1024 1932 1111111
1068 1867 1499 1952 persuaserim
1550 1870 1616 1931 te
1660 1888 1764 1932 me
1818 1888 1958 1933 esse
2003 1867 2158 1933 alte·
2198 1874 2227 1924 1

233 1977 394 2020 rum
446 1976 582 2021 non
634 1956 827 2022 modo
880 1956 954 2020 in
1004 1956 1085 2021 iis
1137 1956 1359 2040 rebus,
1417 1977 1580 2039 quae
1635 1955 1716 2019 ad
1770 1977 1874 2021 me
1927 1957 2159 2041 ipsum,

233 2043 364 2109 sed
409 2044 603 2109 etiam
645 2045 719 2108 in
761 2044 871 2130 iis,
915 2066 1078 2129 quae
1125 2044 1208 2108 ad
1253 2065 1431 2109 meos
1484 2045 1834 2128 pertinent:
1892 2042 1961 2109 C.
2008 2044 2158 2109 Tre-

238 2131 500 2197 batium
544 2133 927 2218 cogitaram,
972 2154 1374 2218 quocumque
1421 2133 1687 2217 exirem,
1740 2153 1992 2197 mecum
2047 2133 2160 2198 du-

235 2242 411 2304 cere,
455 2224 532 2285 ut
574 2243 722 2286 eum
766 2221 926 2286 meis
972 2222 1274 2286 omnibus
1310 2221 1560 2307 studiis,
1603 2221 1929 2286 beneficiis
1965 2242 2162 2306 quam

235 2308 743 2375 ornatissimum
780 2310 1043 2375 domum
1095 2309 1493 2393 reducerem3
1547 2308 1686 2394 sed,
1738 2313 2162 2395 posteaquam

236 2401 312 2462 et
360 2396 651 2482 Pompeii
696 2399 1115 2464 commoratio
1164 2399 1527 2465 diuturnior
1580 2401 1745 2483 erat,
1800 2420 1993 2482 quam
2047 2420 2163 2483 pu-

238 2490 490 2569 taram,
543 2489 610 2550 et
651 2508 797 2551 mea
850 2487 1164 2570 quaedam
1210 2487 1330 2551 tibi
1376 2508 1510 2552 non
1562 2487 1791 2572 ignota
1844 2487 2162 2552 dubitatio

238 2574 700 2658 autimpedire
728 2575 1197 2660 profectionem
1232 2597 1443 2640 meam
1478 2575 1817 2640 videbatur
1852 2579 1966 2640 aut
1992 2579 2163 2641 certe

240 2662 528 2745 tardare,
571 2663 734 2747 vide,
780 2663 933 2748 quid
978 2664 1138 2728 1111111
1186 2664 1593 2748 sumpserim:
1653 2664 1836 2747 coepi
1879 2665 2043 2728 velle
2088 2684 2167 2727 ea

242 2750 631 2817 Trebatium
692 2756 1062 2836 exspectare
1116 2773 1157 2816 a
1207 2755 1301 2837 te,
1355 2774 1518 2836 quae
1573 2755 1895 2836 sperasset
1953 2773 1992 2815 a
2044 2772 2167 2833 me,

240 2860 463 2923 neque
506 2839 868 2905 mehercule
913 2842 1128 2906 minus
1176 2840 1236 2904 ei
1278 2842 1524 2925 prolixe
1567 2841 1645 2905 de
1680 2843 1797 2904 tua
1830 2841 2166 2905 voluntate

243 2928 539 3013 promisi,
575 2950 770 3012 quam
807 2951 981 2994 eram
1020 2930 1249 2993 solitus
1287 2929 1364 2994 de
1401 2950 1546 2993 mea
1581 2928 1888 3013 polliceri.
1962 2926 2166 2995 Casus
2203 2940 2237 2991 2

244 3038 405 3082 vero
468 3016 775 3082 mirificus
839 3017 1099 3101 quidam
1160 3018 1511 3082 intervenit
1573 3018 1757 3100 quasi
1817 3017 1921 3081 vel
1981 3017 2169 3083 testis

245 3104 581 3189 opinionis
626 3127 807 3170 meae
852 3107 955 3170 vel
999 3127 1273 3190 sponsor
1307 3105 1733 3170 humanitatis
1776 3106 1952 3169 tuae.
1998 3127 2171 3189 nam,

245 3215 456 3277 quum
527 3194 605 3259 de
676 3194 801 3258 hoc
862 3194 1005 3277 ipso
1072 3193 1376 3259 Trebatio
1455 3214 1602 3257 cum
1664 3192 1871 3258 Balbo
1943 3197 2169 3259 nostro

245 3282 551 3366 loquerer
596 3282 956 3347 accuratius
993 3282 1168 3346 domi
1206 3302 1407 3364 meae,
1449 3281 1702 3346 litterae
1738 3281 1900 3346 1111111
1935 3282 2173 3347 dantur

398 3472 501 3544 Ep.
542 3479 591 3542 5,
624 3479 671 3529 1.
742 3474 945 3528 studiis
981 3473 1354 3540 benficiisque
1390 3487 1554 3540 quam
1591 3471 1739 3540 (ΝΜ)
