2338 3691
767 116 1292 173 EPISTOLARUM
1326 118 1397 172 Π.
1437 123 1502 171 17
2020 117 2107 182 57

184 261 285 346 qui
310 282 457 326 cum
482 261 737 327 Bibulo
778 264 950 347 sunt,
985 262 1323 328 certiorem
1359 284 1461 328 me
1498 283 1854 346 numquam
1879 261 2111 348 fecisti,

188 371 373 434 quam
423 350 622 416 valde
675 349 902 415 Bibuli
955 352 1258 416 voluntas
1314 373 1354 416 a
1397 373 1499 415 me
1554 350 1692 415 sine
1748 371 1943 415 causa
1996 350 2107 415 ab·

188 438 504 524 horreret3
557 439 870 523 permulti
931 439 1103 504 enim
1167 439 1250 505 ad
1303 461 1406 503 me
1461 440 1854 524 detulerunt,
1909 461 2108 524 quum

188 549 465 614 magnus
513 526 906 592 Antiochiae
951 532 1160 593 metus
1217 531 1388 593 esset
1440 531 1507 593 et
1549 536 1789 614 magna
1846 549 1993 612 spes
2036 529 2110 594 in

189 638 287 682 me
334 619 535 701 atque
581 616 656 680 in
714 616 996 682 exercitu
1048 638 1220 702 me0,
1280 617 1542 683 solitum
1594 615 1802 682 dicere
1857 617 2110 701 quidvis

190 726 256 770 se
298 705 560 790 perpeti
605 705 797 769 malle
852 726 1046 789 quam
1089 705 1294 771 videri
1347 706 1599 792 eguisse
1655 705 1891 771 auxilio
1946 728 2111 792 meo,

191 793 364 878 quod
419 813 549 879 ego
605 793 818 859 officio
881 794 1250 879 quaestorio
1312 797 1379 860 te
1443 794 1792 860 adductum
1842 795 2110 860 reticere

192 882 268 947 de
311 886 620 968 praetore
662 884 798 948 tuo
829 904 967 948 non
1010 883 1281 948 moleste
1332 883 1648 968 ferebam,
1703 905 2111 969 quamquam,

193 970 739 1056 quemadmodum
798 974 1149 1037 tractarere
1159 1022 1177 1056 ,
1241 972 1597 1038 audiebam.
1693 970 1813 1036 Ille
1875 975 2112 1058 autem,

194 1082 397 1145 quum
443 1059 529 1124 ad
574 1058 925 1125 Thermum
969 1060 1048 1126 de
1093 1059 1397 1128 Parthico
1443 1061 1626 1127 bello
1661 1061 1984 1146 scriberet,
2027 1061 2112 1126 ad

192 1171 295 1214 me
339 1149 630 1213 litteram
671 1170 1026 1233 numquam
1067 1149 1270 1234 misit,
1323 1151 1405 1215 ad
1461 1171 1652 1234 quem
1705 1150 2114 1236 intelligebat

194 1238 331 1303 eius
378 1237 536 1303 belli
579 1236 936 1321 periculum
971 1238 1318 1323 pertinere.
1361 1241 1622 1304 tantum
1666 1238 1744 1303 de
1790 1242 2113 1324 auguratu

193 1326 312 1390 filii
366 1327 471 1391 sui
524 1325 784 1411 scripsit
836 1327 919 1390 ad
970 1348 1104 1392 me·
1088 1375 1106 1411 ‚
1157 1327 1231 1391 in
1284 1349 1412 1412 quo
1468 1347 1631 1413 ego,
1675 1326 2114 1398 misericordia

194 1417 560 1480 commotus
607 1418 674 1479 et
717 1415 889 1499 quod
919 1436 1198 1518 semper
1241 1415 1665 1481 amicissimus
1708 1412 1944 1481 Bibulo
1997 1414 2113 1499 fui,

193 1503 343 1568 dedi
399 1523 689 1590 operam,
751 1506 829 1568 ut
878 1503 938 1569 ei
991 1526 1188 1590 quam
1238 1503 1699 1570 humanissime
1752 1503 2112 1569 scriberem.

192 1591 312 1657 Ille
377 1591 435 1657 si
477 1592 522 1673 †
542 1592 753 1658 omnis
815 1595 915 1658 est
973 1594 1329 1659 malevolus
1383 1629 1470 1642 -
1524 1592 1696 1678 quod
1758 1614 2113 1677 numquam

191 1681 560 1746 existimavi
603 1716 719 1766 -,
771 1680 985 1747 minus
1031 1682 1323 1748 offendor
1366 1682 1437 1748 in
1481 1703 1610 1766 me3
1664 1681 1768 1747 sin
1811 1684 2028 1747 autem
2074 1704 2115 1747 a

193 1790 299 1834 me
342 1772 447 1835 est
491 1769 790 1856 alienior,
833 1770 1000 1836 nihil
1041 1771 1165 1836 tibi
1209 1792 1391 1837 meae
1433 1771 1689 1836 litterae
1732 1771 2112 1857 proderunt:

191 1880 375 1943 nam,
431 1858 516 1923 ad
570 1862 870 1925 senatum
932 1882 1092 1946 quas
1145 1859 1424 1927 Bibulus
1472 1861 1724 1925 litteras
1776 1861 1980 1945 misit,
2041 1860 2115 1926 in

189 1910 541 2103 ἓίὼζῗὲῑῖᾶ
567 1948 776 2101 ..ἐωξὶ
818 1948 2114 2124 3ffisffl⁰u3133m02ffi23331102¹11⁸531

190 2126 392 2191 cunia
445 2125 944 2210 permutaretur,
1006 2089 1179 2210 qiiod
1233 2129 1451 2192 autem
1502 2148 1717 2191 meum
1775 2129 1917 2192 erat
1967 2148 2114 2211 pro-

189 2214 431 2299 prium,
466 2217 543 2279 ut
577 2213 796 2279 alariis
822 2213 1305 2300 Transpadanis
1331 2215 1431 2280 uti
1454 2236 1782 2301 negarem,
1814 2215 1884 2281 id
1919 2215 2116 2280 etiam

191 2303 565 2456 sehpopullo
619 2303 941 2369 remisisse
995 2303 1247 2388 scribit,
1308 2302 1480 2388 quod
1532 2326 1685 2370 vero
1738 2304 1912 2369 illius
1975 2305 2117 2368 erat

190 2412 429 2566 w„
443 2389 2116 2566 ²„qffssssuffmffiffffiffm’2‘tfflffessfflaffissd

191 2590 349 2635 vero
398 2569 621 2653 pusilli
663 2569 865 2635 animi
908 2572 976 2635 et
1016 2571 1161 2655 ipsa
1196 2569 1703 2636 malevolentia
1683 2570 1886 2636 ieiuni
1921 2574 2114 2655 atque

191 2657 440 2742 inanis,
505 2656 679 2741 quod
730 2657 1267 2744 Ariobarzanem,
1322 2659 1473 2744 quia
1526 2663 1788 2725 senatus
1842 2682 1958 2745 per
2011 2678 2116 2722 me

193 2767 421 2832 regem
465 2746 819 2831 appellavit
860 2747 1148 2832 mihique
1193 2747 1685 2832 commendavit,
1728 2748 1852 2813 iste
1896 2748 1968 2812 in
2010 2746 2115 2811 lit-

196 2836 2117 3011 ἓῗιὶἰι.“““ῌέἒίἵέἒίιέθέἐίξῖε,Ἓὲξέῗιὲῗὲαῗὲῗςὲἒξ

201 3011 310 3077 sed
354 3011 482 3077 tibi
525 3033 773 3078 morem
818 3014 1015 3099 gessi:
1059 3013 1313 3079 litteras
1357 3014 1440 3079 ad
1478 3035 1625 3080 eum
1666 3013 1911 3100 scripsi,
1955 3034 2117 3099 quas

201 3121 401 3184 quum
446 3101 787 3187 acceperis,
830 3101 1049 3187 facies,
1094 3102 1267 3186 quod
1310 3103 1507 3169 voles.

479 3334 568 3397 17,
595 3335 642 3385 6.
715 3330 937 3386 solitum
963 3332 1138 3387 dicere
1165 3331 1301 3401 (M).
1363 3346 1406 3385 s.
1436 3347 1556 3386 eum
1583 3330 1636 3385 d.
1664 3330 1728 3385 B.
1803 3335 1852 3385 7.
1888 3330 2120 3396 '†om·

202 3399 290 3452 ‘nin
326 3327 479 3470 (78).
551 3401 606 3455 si
639 3402 891 3457 omnibus
925 3400 1136 3472 (vulgo,
1174 3401 1287 3469 W.)
1335 3403 1436 3455 aut
1479 3402 1529 3456 si
1565 3402 1629 3455 in
1663 3415 1842 3455 omnes
1888 3398 2011 3465 (Β.).
2047 3424 2120 3436 --

202 3471 289 3523 uti
321 3487 575 3540 nequo-em
612 3471 747 3542 (M).
819 3474 1115 3528 alimen.
1153 3471 1216 3525 L.
1273 3472 1334 3524 B.
