2338 3691
180 83 310 147 626
744 83 817 137 Μ.
858 82 1101 137 TULLII
1139 81 1525 137 CICERONIS

178 228 539 313 Pomponia
607 228 766 292 foris
832 230 1148 292 coenaret.
1256 227 1455 293 Dedit
1515 227 1675 291 mihi
1752 227 2091 311 epistolam

178 317 519 402 legendam
563 319 770 399 tuam,
824 338 1018 400 quam
1062 317 1279 400 paullo
1337 319 1488 379 ante
1535 320 1896 402 acceperat,
1950 314 2092 381 Ari-

181 406 538 489 stophaneo
583 404 776 470 modo
822 405 1008 470 valde
1045 404 1407 468 mehercule
1445 407 1511 468 et
1547 426 1809 469 suavem
1850 407 1915 468 et
1953 425 2092 489 gra·

180 515 351 576 vem3
406 515 532 577 qua
587 515 731 557 sum
783 493 1128 558 admodum
1188 493 1557 558 delectatus
1656 492 1855 557 Dedit
1899 493 2092 557 etiam

181 583 449 646 alteram
501 582 681 646 illam
736 582 920 667 mihi,
975 604 1102 665 qua
1155 582 1339 646 iubes
1393 603 1540 646 eum
1593 581 1754 645 mihi
1808 602 1949 646 esse
2005 581 2091 645 af-

178 671 378 734 fixum
439 673 774 754 tamquam
834 671 1166 755 magistro.
1276 668 1484 745 Quam
1537 669 1720 733 illum
1784 669 2091 753 epistolae

178 759 327 822 illae
383 758 811 843 delectarunt,
875 780 1068 843 quam
1122 761 1251 823 me!
1315 758 1481 823 nihil
1534 779 1734 842 puero
1790 759 1904 822 illo
1953 781 2092 821 sua-

181 847 322 911 vius
332 898 350 930 ,
413 846 577 910 nihil
641 848 848 912 nostri
912 848 1253 911 amantius.
1350 846 1531 911 Haec
1594 848 1764 911 inter
1827 867 2094 912 coenam

102 950 153 989 20
182 934 408 999 Tironi
455 935 718 1017 dictavi,
771 957 854 1000 ne
899 936 1127 999 mirere
1176 936 1303 1000 alia
1346 957 1545 1000 manu
1604 957 1759 1000 esse.
1850 934 2093 998 Annali

179 1028 518 1109 pergratae
563 1026 816 1089 litterae
862 1028 1011 1088 tuae
1055 1024 1339 1107 fuerunt,
1383 1024 1556 1108 quod
1603 1027 1669 1088 et
1713 1045 1970 1088 curares
2017 1024 2092 1088 de

181 1135 248 1177 se
297 1113 637 1198 diligenter
683 1116 747 1176 et
781 1117 1001 1177 tamen
1038 1113 1306 1178 consilio
1345 1134 1413 1177 se
1449 1112 1781 1177 verissimo
1823 1112 2091 1176 iuvareS.

179 1200 250 1266 P.
299 1199 602 1267 Servilius
655 1205 841 1285 pater
896 1223 972 1264 ex
1024 1201 1257 1265 litteris
1267 1251 1285 1285 ,
1340 1223 1498 1285 quas
1555 1202 1677 1265 sibi
1732 1223 1773 1266 a
1820 1199 2092 1266 Caesare

180 1291 410 1354 missas
457 1311 594 1354 esse
641 1290 911 1375 dicebat,
956 1289 1283 1375 significat
1324 1290 1508 1355 valde
1553 1294 1620 1355 te
1667 1290 1789 1354 sibi
1834 1293 2092 1375 gratum

179 1379 436 1462 fecisse,
489 1378 660 1462 quod
707 1379 783 1442 de
830 1400 945 1443 sua
1001 1380 1335 1443 voluntate
1390 1399 1547 1464 erga
1592 1375 1934 1443 Caesarem
1975 1377 2090 1442 hu-

102 1489 150 1528 21
181 1466 551 1532 manissime
606 1467 1218 1552 diligentissimeque
1281 1468 1535 1532 locutus
1591 1488 1781 1531 esses,
1881 1465 2090 1542 Quum

180 1554 456 1620 Romam
511 1577 588 1619 ex
640 1555 944 1639 Arpinati
997 1556 1427 1640 revertissem,
1483 1556 1724 1620 dictum
1779 1554 1940 1619 mihi
1996 1557 2092 1619 est

179 1642 664 1728 Hippodamum
720 1645 799 1709 ad
856 1648 923 1708 te
968 1644 1329 1729 profectum
1384 1665 1540 1709 esse.
1628 1642 1693 1708 N
1696 1666 1782 1708 on
1827 1665 2090 1728 possum

182 1733 459 1798 scribere
513 1755 615 1798 me
669 1734 973 1797 miratum
1036 1754 1174 1797 esse
1228 1732 1410 1797 illum
1462 1736 1599 1797 tam
1652 1732 2092 1797 inhumaniter

180 1820 434 1906 fecisse,
487 1825 562 1887 ut
616 1822 753 1887 sine
808 1823 966 1886 meis
1019 1821 1252 1886 litteris
1307 1821 1388 1886 ad
1446 1824 1511 1886 te
1556 1821 2090 1905 proficisceretur:

180 1909 339 1973 illud
394 1910 632 1995 scribo,
684 1911 845 1974 mihi
898 1913 1242 1976 molestum
1298 1911 1523 1993 fuisse3
1577 1911 1708 1974 iam
1762 1911 1936 1975 enim
1982 1909 2091 1974 diu

180 1999 615 2098 cogitaveram
670 2019 748 2061 ex
793 2020 896 2082 e0,
953 1999 1124 2083 quod
1177 2003 1251 2064 tu
1307 1998 1389 2062 ad
1433 2021 1535 2062 me
1581 2000 1957 2083 scripseras,
2002 2002 2093 2083 ut,

180 2086 235 2149 si
282 2086 433 2170 quid
481 2088 674 2170 esset,
729 2049 902 2170 quod
956 2087 1038 2151 ad
1090 2091 1157 2151 te
1212 2087 1583 2172 diligentius
1637 2088 1909 2172 perferri
1961 2088 2091 2151 vel-

178 2174 324 2259 lem,
366 2175 462 2240 illi
508 2175 744 2260 darem,
790 2177 961 2260 quod
1007 2176 1367 2241 mehercule
1411 2176 1588 2240 hisce
1631 2176 1885 2261 litteris,
1930 2197 2093 2260 quas

178 2264 375 2349 vulgo
432 2264 513 2328 ad
575 2267 640 2329 te
695 2264 912 2347 mitto,
974 2263 1139 2328 nihil
1191 2264 1326 2329 fere
1382 2265 1618 2349 scribo,
1682 2265 1853 2349 quod
1910 2265 1966 2328 si
2020 2263 2095 2327 in

179 2352 446 2417 alicuius
493 2374 722 2417 manus
756 2352 1070 2434 inciderit,
1113 2353 1384 2417 moleste
1422 2353 1761 2417 ferendum
1797 2354 1896 2417 sit.
1969 2351 2092 2415 Mi-

178 2441 370 2505 nucio
417 2462 519 2505 me
567 2445 632 2505 et
677 2439 893 2506 Salvio
940 2444 1006 2504 et
1049 2439 1341 2506 Labeoni
1393 2442 1823 2507 reservabam.
1869 2439 2092 2505 Labeo

99 2552 151 2592 22
180 2532 295 2592 aut
336 2530 519 2593 tarde
565 2530 1003 2612 proficiscetur
1048 2533 1162 2594 aut
1204 2529 1312 2594 hic
1365 2530 1671 2594 manebit.
1702 2527 1708 2531 ’
1760 2529 2093 2614 Hippoda-

177 2639 321 2682 mus
367 2639 449 2682 ne
494 2618 805 2701 numquid
851 2618 1079 2683 vellem
1126 2618 1384 2702 quidem
1426 2618 1701 2704 rogavit.
1782 2618 1854 2682 Τ.
1898 2617 2093 2682 Pina-

176 2706 311 2770 rius
357 2706 664 2771 amabiles
721 2706 802 2770 ad
856 2728 958 2770 me
1013 2706 1091 2770 de
1143 2710 1210 2770 te
1255 2708 1503 2771 litteras
1558 2707 1784 2771 mittit:
1842 2727 1909 2770 se
1956 2728 2093 2770 ma-

176 2794 346 2858 xime
400 2795 660 2878 litteris,
714 2794 1143 2878 sermonibuS,
1199 2795 1414 2860 coenis
1470 2795 1744 2878 denique
1798 2795 1927 2860 tuis
1984 2794 2092 2858 de-

175 2884 418 2948 lectari.
515 2882 583 2947 Is
639 2883 834 2947 homo
892 2905 1142 2968 semper
1204 2906 1306 2948 me
1361 2883 1702 2948 delectavit
1762 2883 2092 2967 fraterque

178 2973 314 3037 eius
358 2993 610 3036 mecum
646 2973 745 3034 est
779 2971 1079 3036 multum:
1126 2993 1341 3057 quare,
1386 2972 1483 3036 uti
1518 2972 1875 3057 instituisti,
1920 2993 2090 3036 com-

175 3062 452 3143 plectere
499 3060 986 3124 adolescentem.

110 3134 136 3178 7
310 3147 496 3223 Quod
540 3149 780 3213 multos
828 3148 960 3212 dies
1017 3149 1357 3233 epistolam
1410 3149 1482 3213 in
1537 3149 1834 3213 manibus
1888 3148 2090 3213 habui

97 3198 149 3236 2³

316 3351 419 3418 Ep
461 3359 620 3418 1,19.
683 3356 824 3421 foris
861 3357 1236 3440 (Minatiana).
1316 3359 1471 3427 foras
1506 3358 1673 3413 MRI.
1688 3359 1924 3432 ,.vulgo
2000 3364 2085 3413 21.

176 3419 319 3485 quod
353 3421 405 3472 si
438 3421 504 3474 in
531 3423 758 3493 (vulgo).
832 3443 901 3494 q„
936 3428 989 3481 si
1022 3429 1086 3482 in
1122 3428 1185 3482 B.
