2338 3691
679 154 1201 211 EPISTOLARUM
1234 152 1357 210 XV.
1399 159 1484 210 12.
1527 162 1609 212 13.
1970 155 2102 221 519

176 301 545 386 perspicere
590 323 831 386 posses.
911 299 1011 365 Ac
1055 301 1389 385 petitionis
1434 301 1692 385 quidem
1736 305 1888 366 tuae
1932 302 2100 367 ratio

176 389 340 454 mihi
387 411 645 474 semper
686 390 814 455 fuit
858 391 1210 474 explorata,
1255 389 1367 454 sed
1400 392 1624 455 tamen
1667 411 1906 456 navare
1950 410 2098 474 ope-

174 499 319 542 ram
363 478 693 561 volebam3
750 479 821 541 in
875 480 1216 543 consulatu
1260 499 1412 543 1610
1459 479 1648 563 cupio
1694 478 1989 563 equidem
2032 482 2098 543 te

174 565 394 631 minus
439 566 685 631 habere
729 566 1003 651 negotii,
1061 567 1173 631 sed
1216 567 1486 632 moleste
1529 567 1670 633 fero
1721 589 1825 631 me
1872 588 2099 632 consu-

175 654 305 718 lem
331 658 523 719 tuum
548 652 839 720 ‘studium
868 654 1292 719 adolescentis
1319 655 1735 739 perspexisse,
1774 658 1840 720 te
1865 677 2100 738 meum,

174 763 377 826 quum
432 742 501 807 id
559 744 792 807 aetatis
848 743 996 827 sim,
1052 744 1411 827 perspicere
1464 764 1601 809 non
1662 764 1869 828 posse.
1973 741 2098 809 Sed
2135 753 2170 800 2

172 830 269 893 ita
313 830 455 896 fato
502 831 727 897 nescio
775 852 903 915 quo
959 830 1307 915 contigisse
1367 831 1670 916 arbitror,
1721 835 1798 896 ut
1848 831 1970 896 tibi
2016 832 2098 896 ad

171 937 277 981 me
333 919 706 984 ornandum
761 940 1013 1003 semper
1074 919 1262 984 detur
1321 919 1627 1004 facultas,
1683 919 1843 984 mihi
1897 920 1979 984 ad
2037 921 2093 983 te

176 996 726 1073 remunerandum
781 1007 947 1072 nihil
1010 1010 1313 1092 suppetat
1364 1011 1620 1091 praeter
1671 1009 2096 1073 voluntatem:

181 1096 427 1160 ornasti
476 1097 914 1179 consulatum,
961 1096 1208 1161 ornasti
1251 1095 1529 1160 reditum
1573 1117 1814 1180 meum3
1870 1096 2098 1161 incidit

182 1203 395 1247 meum
437 1187 700 1268 tempus
744 1206 959 1248 rerum
1004 1184 1432 1269 gerendarum
1487 1185 1559 1248 in
1611 1184 1824 1268 ipsum
1869 1205 2097 1248 consu-

181 1271 386 1336 latum
428 1275 638 1337 tuum.
727 1271 955 1356 Itaque
965 1323 983 1356 ,
1037 1294 1237 1357 quum
1290 1274 1357 1336 et
1407 1276 1523 1337 tua
1576 1293 1827 1336 summa
1871 1271 2096 1356 ampli·

179 1360 338 1444 tudo
383 1364 454 1425 et
502 1360 785 1446 dignitas
830 1364 897 1424 et
940 1382 1120 1425 meus
1156 1381 1433 1446 magnus
1477 1361 1687 1426 honos
1732 1379 2096 1445 magnaque

176 1448 574 1514 existimatio
619 1450 947 1534 postulare
991 1449 1301 1533 videatur,
1346 1452 1422 1513 ut
1456 1471 1496 1513 a
1530 1452 1596 1513 te
1631 1448 1923 1533 pluribus
1958 1469 2096 1512 161·-

176 1535 274 1600 bis
319 1537 720 1602 contendam
765 1558 841 1601 ac
882 1539 1118 1622 petam,
1163 1541 1238 1602 ut
1282 1558 1476 1621 quam
1528 1536 2097 1602 honorificentissi-

180 1645 354 1689 mum
390 1628 663 1691 senatus
699 1627 1065 1691 consultum
1102 1626 1181 1690 de
1217 1626 1376 1689 meis
1403 1626 1596 1689 rebus
1623 1624 1823 1710 gestis
1857 1625 2095 1689 facien·

183 1712 334 1778 dum
378 1735 587 1798 cures,
630 1735 766 1779 non
811 1714 1015 1779 audeo
1053 1714 1465 1778 vehementer
1511 1736 1550 1778 a
1584 1716 1651 1777 te
1693 1713 2096 1796 contendere,

180 1821 265 1866 ne
311 1805 431 1868 aut
472 1802 609 1888 ipse
655 1806 805 1868 tuae
860 1805 1207 1888 perpetuae
1266 1802 1749 1868 consuetudinis
1795 1821 1949 1887 erga
1992 1823 2094 1868 me

181 1891 426 1956 oblitus
471 1912 609 1956 esse
664 1891 884 1956 videar
928 1894 1043 1955 aut
1093 1895 1159 1956 te
1216 1892 1487 1956 oblitum
1539 1894 1778 1975 putem.
1868 1890 2097 1975 Quare,
2133 1907 2163 1954 3

185 1981 260 2043 ut
303 1982 369 2044 te
415 1980 578 2044 16116
625 1979 922 2063 arbitror,
964 1980 1060 2043 ita
1102 1980 1355 2064 faciam,
1400 1983 1592 2063 atque
1638 1978 1721 2043 ab
1763 2001 1859 2062 6ο,
1904 2000 2093 2063 quem

181 2088 410 2133 omnes
457 2070 684 2152 gentes
747 2068 962 2132 sciunt
1014 2067 1093 2131 de
1145 2089 1250 2131 me
1295 2068 1536 2152 optime
1580 2067 1897 2151 meritum,
1953 2068 2095 2132 bre·

184 2155 351 2219 viter
396 2158 635 2239 petam.
712 2153 781 2220 Si
827 2155 938 2220 alii
982 2156 1280 2221 consules
1325 2159 1558 2239 essent,
1602 2156 1683 2219 ad
1728 2158 1793 2219 te
1840 2155 2093 2239 potissi·

184 2263 393 2326 mum,
435 2242 658 2307 Paulle
668 2293 686 2325 ‚
728 2244 1076 2327 mitterem,
1129 2246 1205 2308 ut
1249 2265 1359 2309 eos
1401 2243 1563 2308 mihi
1608 2265 1802 2327 quam
1847 2243 2094 2307 amicis-

179 2330 385 2397 simos
439 2330 760 2395 redderes:
820 2352 1021 2416 nunc,
1075 2354 1275 2416 quum
1325 2334 1443 2397 tua
1505 2352 1754 2395 summa
1806 2333 2094 2414 potestas

180 2439 564 2503 summaque
620 2421 968 2485 auctoritas
1021 2423 1306 2504 notaque
1361 2420 1658 2485 omnibus
1715 2423 1943 2485 nostra
1983 2440 2094 2484 ne·

182 2507 506 2573 cessitudo
577 2507 689 2592 sit,
759 2509 1173 2574 vehementer
1241 2512 1307 2573 te
1370 2529 1558 2594 rogo,
1628 2511 1704 2573 ut
1774 2512 1841 2573 et
1901 2529 2095 2593 quam

179 2594 830 2663 honorificentissime
867 2618 1050 2662 cures
1087 2597 1558 2661 decernendum
1593 2596 1673 2662 de
1706 2597 1868 2662 meis
1903 2596 2094 2661 rebus

181 2684 388 2768 gestis
443 2687 509 2748 et
562 2707 757 2770 quam
811 2686 1163 2750 celerrime:
1219 2685 1449 2770 dignas
1508 2707 1611 2750 res
1664 2706 1803 2750 esse
1846 2684 2093 2750 honore

178 2773 252 2836 et
306 2773 763 2857 gratulatione
804 2794 1154 2859 cognosces
1210 2794 1287 2837 ex
1338 2773 1419 2838 iis
1471 2773 1735 2858 litteris,
1793 2794 1953 2856 quas
2012 2772 2091 2836 ad

180 2862 250 2924 te
297 2863 363 2924 et
394 2862 724 2946 ‘collegam
769 2864 835 2926 et
879 2865 1176 2927 senatum
1219 2861 1473 2946 publice
1518 2862 1682 2926 misi.
1763 2859 2093 2925 Omnium·

179 2968 308 3032 que
344 2970 635 3015 mearum
669 2950 1059 3034 reliquarum
1094 2972 1310 3015 rerum
1349 2950 1749 3034 maximeque
1776 2948 2094 3014 existima·

179 3036 380 3102 tionis
424 3059 607 3103 meae
652 3038 1173 3124 procurationem
1209 3043 1575 3123 susceptam
1607 3038 1801 3104 velim
1834 3037 2095 3123 habeaS,

326 3210 430 3282 Ep.
472 3219 635 3279 13,1.
699 3228 900 3282 posses.
974 3214 1061 3268 Ac
1095 3213 1328 3285 (vulgo).
1473 3229 1589 3267 ·ac
1623 3212 1685 3268 B.
1724 3243 1792 3253 —
1828 3213 2097 3278 volebam;

184 3278 249 3333 ia
286 3281 434 3349 (Wu)
505 3229 1873 3354 v.1nmlgo.2.adtermunerandmn(1,)
1944 3283 2094 3338 adr.

184 3347 277 3417 M„
315 3352 502 3423 vulgo.
550 3384 618 3396 —
655 3353 919 3424 pluribus
952 3355 1129 3409 verbis
1174 3353 1305 3424 (N.).
1369 3354 1636 3422 phm‘mis
1680 3369 1731 3407 v.
1781 3353 1970 3423 vulgo.
2042 3357 2097 3406 8.

185 3422 614 3547 celi:di9nas.
646 3426 890 3480 ..αἰεί
980 3423 1541 3494 Omniumqueffl.)
1630 3422 1841 3477 c.D.
1864 3435 2096 3488 ..m,.o

185 3509 258 3547 vu
280 3509 371 3564 go.
