2338 3691
780 120 1298 177 EPISTOLARUM
1334 123 1403 178 x.
1444 128 1526 177 17.
1568 129 1649 178 18.
2039 121 2167 185 317

257 287 383 351 quo
422 287 545 351 ego
579 266 930 351 interprete
966 266 1313 332 novissime
1355 265 1436 331 ad
1463 264 1780 351 Lepidum
1817 287 1962 330 sum
1988 288 2170 350 usus3

255 354 535 420 amicum
581 377 729 420 eum
771 355 866 419 rei
901 354 1199 439 publicae
1237 375 1551 440 cognosse
1587 355 1825 439 videor,
1867 354 2170 420 libenter·

255 465 380 528 que
435 444 494 508 ei
550 465 693 508 sum
745 444 1118 509 testimonio
1175 447 1242 509 et
1296 444 1593 510 omnibus
1648 465 1758 510 ero
1769 495 1787 527 ,
1842 444 1952 527 qui
2004 444 2168 508 bene

255 535 602 598 merentur.
690 532 824 598 Fac
867 534 1084 608 valeas
1127 554 1357 617 meque
1401 537 1627 599 mutuo
1684 532 1916 618 diligas
1963 532 2170 618 digni-

255 625 586 706 tatemque
623 643 850 708 meam,
895 623 949 686 si
985 643 1253 706 mereor,
1297 622 1556 706 tuearis,
1585 622 1761 708 ¹sicut
1796 621 2006 687 adhuc
2043 621 2170 686 sin-

256 711 472 796 gulari
516 732 663 777 cum
706 711 1158 777 benevolentia
1201 711 1431 776 fecisti.

721 971 729 981 .
1094 906 1341 971 XVIII.

500 1018 617 1076 Sor.
653 1019 713 1074 in
749 1019 949 1075 castris
987 1019 1108 1074 XII.
1147 1019 1273 1073 Kal.
1312 1019 1501 1074 Iunias
1538 1036 1590 1074 a.
1626 1036 1680 1073 u.
1718 1035 1767 1073 6.
1806 1023 1925 1074 711.

812 1118 813 1121 ‘
853 1141 1187 1199 PLANCUS
1226 1142 1606 1221 monsom,

395 1243 565 1321 Quid
607 1244 681 1309 in
723 1244 941 1310 animo
985 1244 1351 1328 habuerim,
1396 1265 1593 1328 quum
1636 1242 1888 1309 Laevus
1932 1241 2175 1307 Nerva
2218 1255 2245 1304 1

260 1355 388 1419 que
436 1333 869 1398 discesserunt
913 1355 952 1397 a
996 1354 1118 1418 me,
1163 1337 1231 1397 et
1274 1355 1352 1398 ex
1386 1332 1639 1417 litteris,
1682 1353 1843 1417 quas
1885 1331 1975 1396 eis
2013 1331 2178 1415 dedi,

259 1425 330 1488 et
376 1445 454 1488 ex
496 1422 655 1507 ipsis
699 1443 1087 1524 cognoscere
1131 1421 1431 1507 potuisti,
1485 1422 1596 1507 qui
1642 1421 1942 1486 omnibus
1986 1420 2177 1484 rebus

259 1511 676 1595 consiliisque
719 1512 880 1576 meis
923 1509 1377 1577 interfuerunt.
1463 1509 1721 1575 Accidit
1764 1509 1951 1594 mihi,
2006 1508 2179 1593 quod

263 1600 515 1667 homini
557 1599 829 1685 pudenti
874 1603 940 1664 et
983 1599 1218 1684 cupido
1264 1598 1703 1665 satisfaciendi
1746 1599 1841 1664 rei
1884 1598 2178 1683 publicae

263 1689 580 1774 bonisque
635 1689 937 1755 omnibus
980 1689 1266 1754 accidere
1313 1690 1503 1773 solet,
1561 1691 1637 1754 ut
1688 1687 2027 1754 consilium
2082 1708 2177 1753 se·

265 1800 496 1865 querer
530 1778 962 1865 periculosum
997 1778 1226 1864 magis,
1262 1778 1416 1842 dum
1451 1799 1553 1842 me
1588 1777 1949 1863 probarem,
1986 1798 2179 1862 quam

262 1871 500 1952 tutum,
543 1868 718 1952 quod
761 1868 1000 1934 habere
1043 1871 1266 1952 posset
1310 1866 2179 1950 obtrectationem.1taque
2216 1878 2250 1927 2

265 1961 418 2042 post
454 1958 803 2023 discessum
837 1958 1221 2043 legatorum,
1267 1979 1465 2041 quum
1497 1956 1670 2022 binis
1708 1956 2031 2021 continuis
2076 1955 2180 2019 lit-

265 2048 425 2112 teris
472 2050 539 2111 et
581 2045 862 2131 Lepidus
907 2068 1030 2129 me,
1085 2049 1161 2111 ut
1205 2046 1516 2131 venirem,
1559 2048 1839 2131 rogaret,
1883 2048 1950 2110 et
1994 2044 2180 2109 Late-

265 2136 474 2202 rensis
546 2137 750 2201 multo
809 2135 1006 2201 etiam
1058 2135 1269 2220 magis
1321 2157 1523 2220 prope
1576 2135 1932 2219 implorans
2004 2134 2180 2199 obte-

271 2228 552 2290 staretur
614 2245 750 2290 non
811 2224 1011 2290 ullam
1073 2245 1212 2289 rem
1266 2224 1460 2290 aliam
1505 2224 1933 2289 extimescens
1988 2245 2181 2307 quam

258 2313 556 2392 eandem,
594 2335 757 2398 quae
793 2314 952 2378 mihi
980 2334 1234 2398 quoque
1260 2312 1420 2378 facit
1453 2313 1770 2396 timorem,
1804 2311 2181 2377 varietatem

258 2406 463 2487 atque
506 2402 956 2467 infidelitatem
1008 2402 1323 2467 exercitus
1369 2402 1533 2486 61118,
1576 2423 1712 2467 11011
1755 2400 2181 2466 dubitandum

258 2491 520 2575 putavi,
566 2491 723 2576 quin
768 2512 1204 2557 succurrerem
1248 2512 1475 2575 meque
1526 2490 1853 2556 communi
1896 2490 2180 2574 periculo

262 2580 592 2663 offerrem3
639 2579 918 2645 sciebam
963 2580 1154 2663 enim,
1200 2581 1321 2645 etsi
1358 2580 1606 2645 cautius
1648 2579 1811 2644 illud
1847 2583 1988 2644 erat
2031 2599 2182 2643 6611

264 2669 503 2753 silium,
540 2672 908 2753 exspectare
934 2690 1037 2734 me
1076 2668 1157 2733 ad
1184 2667 1449 2753 Isaram,
1476 2669 1629 2733 dum
1654 2667 1897 2733 Brutus
1932 2666 2181 2731 traiice-

267 2760 369 2822 ret
431 2758 807 2841 exercitum,
870 2760 936 2822 et
998 2779 1144 2822 cum
1184 2758 1438 2843 collega
1492 2756 1961 2839 consentiente,
2018 2755 2183 2819 sicut

266 2846 506 2917 milites
549 2846 819 2931 faciunt,
861 2845 1158 2912 hostibus
1196 2846 1507 2911 obviam
1481 2868 1600 2930 116,
1642 2849 1881 2928 tamen,
1925 2844 1981 2908 si
2028 2842 2181 2927 quid

268 2934 552 3020 Lepidus
587 2934 753 3000 bene
790 2935 1074 3000 sentiens
1103 2934 1472 2999 detrimenti
1513 2934 1804 3019 cepisset,
1837 2933 1963 2997 hoc
1992 2953 2181 2996 omne

270 3025 674 3110 assignatum
716 3024 800 3088 iri
844 3028 958 3088 aut
1000 3024 1393 3108 pertinaciae
1438 3044 1617 3087 meae
1664 3025 1777 3087 aut
1828 3021 2047 3086 timori
2090 3022 2181 3085 vi·

262 3113 520 3197 debam,
565 3113 620 3177 si
666 3116 782 3177 aut
822 3113 1152 3178 hominem
1194 3112 1509 3177 offensum
1544 3111 1721 3195 mihi,
1765 3111 2181 3176 coniunctum

259 3222 416 3266 cum
459 3223 530 3267 re
574 3201 836 3286 publica
885 3223 1023 3267 non
1067 3201 1502 3266 sublevassem
1547 3204 1661 3264 aut
1702 3200 1840 3284 ipse
1897 3222 1936 3264 a
1981 3201 2180 3263 certa-

261 3290 442 3355 mine
496 3290 652 3355 belli
693 3293 833 3360 tam
875 3290 1221 3355 11666886111
1277 3312 1380 3354 1116
1424 3289 1855 3354 removissem.
1951 3286 2179 3369 Itaque
2217 3307 2250 3354 3

412 3482 515 3553 Ep.
558 3489 640 3552 18,
669 3489 719 3539 2.
793 3484 1148 3541 obtestaretur
1182 3497 1298 3538 non
1333 3481 1483 3551 (W.).
1556 3480 1681 3546 obt„
1716 3496 1829 3534 non
1863 3476 2051 3545 vulgo.
