2338 3691
660 148 1185 205 EPISTOLARUM
1220 149 1341 204 ΧΠ.
1376 156 1601 204 23—25.
1957 148 2089 213 407

171 295 458 362 defendi:
512 316 614 359 me
659 295 1016 380 principem
1070 294 1324 360 senatui
1376 295 1743 379 populoque
1788 292 2089 360 Romano

169 385 505 471 professus
559 405 728 468 sum,
790 405 910 449 nec
954 386 1208 468 postea,
1271 405 1465 468 quam
1517 384 1770 467 suscepi
1829 404 2090 448 causam

170 474 522 557 libertatis,
574 473 912 538 minimum
970 476 1225 557 tempus
1280 472 1467 537 amisi
1519 472 1798 537 tuendae
1862 473 2089 537 salutis

171 563 618 647 libertatisque
684 562 1059 627 communis,
1166 559 1292 626 Sed
1353 561 1514 626 haec
1577 580 1829 646 quoque
1890 564 1957 626 te
2012 583 2090 626 ex

173 651 323 715 aliis
387 652 576 716 malo.
675 649 747 715 Τ.
809 649 1167 734 Pinarium,
1227 648 1801 715 familiarissimum
1858 671 2090 735 meum,
2126 660 2162 709 3

171 743 366 805 tanto
421 739 542 805 tibi
597 738 809 804 studio
865 738 1271 823 commendo,
1326 742 1403 803 ut
1454 738 1697 804 maior-e
1751 761 1887 805 non
1944 760 2090 824 pos-

175 829 329 911 sim3
383 829 486 893 eui
531 849 729 913 quum
781 831 1048 913 propter
1091 849 1315 893 omnes
1359 827 1657 911 virtuteS,
1709 831 1851 893 tum
1895 828 2090 892 etiam

172 920 448 1002 propter
494 916 708 982 studia
753 916 1120 982 communia
1153 938 1297 981 sum
1334 916 1773 982 amicissimus.
1843 915 1909 982 Is
1945 938 2091 1001 pro-

174 1008 366 1070 curat
410 1006 694 1070 rationes
740 1006 1129 1091 negotiaque
1174 1004 1471 1090 Dionysii
1515 1005 1741 1089 nostri,
1791 1027 1980 1090 quern
2026 1009 2094 1070 et

173 1098 253 1158 tu
298 1095 575 1159 multum
621 1115 798 1159 amas
845 1097 911 1158 et
955 1114 1076 1180 ego
1115 1094 1403 1159 omnium
1438 1095 1813 1178 plurimum:
1859 1115 1936 1159 ea
1970 1094 2092 1158 tibi

178 1202 305 1268 ego
352 1204 489 1248 non
534 1182 734 1248 debeo
781 1182 1247 1268 commendare,
1293 1182 1403 1248 sed
1440 1181 1818 1248 commendo
1853 1186 2094 1248 tamen.

175 1269 405 1336 Facies
448 1271 666 1356 igitur,
704 1274 786 1336 ‘ut
829 1293 907 1336 ex
949 1270 1212 1356 Pinarii,
1256 1271 1606 1358 gratissimi
1645 1270 1946 1356 hominis,
1988 1271 2096 1335 lit-

175 1361 336 1424 teris
389 1363 575 1425 tuum
627 1363 695 1424 et
746 1381 902 1446 erga
952 1361 1137 1426 illum
1196 1363 1263 1425 et
1315 1380 1471 1447 erga
1521 1359 1908 1446 Dionysium
1961 1363 2095 1425 stu·

177 1448 360 1513 dium
403 1448 881 1533 perspiciamus.

1027 1660 1237 1727 XXV.

269 1770 382 1827 Ser.
428 1773 640 1829 Romae
687 1772 804 1828 sive
849 1772 997 1828 XIV.
1045 1773 1169 1828 Kal.
1214 1773 1439 1900 'pariles
1486 1771 1604 1829 sive
1647 1770 1839 1844 paullo
1883 1774 2015 1844 post

943 1862 993 1900 a.
1031 1863 1085 1899 u.
1125 1863 1171 1900 c.
1319 1888 1332 1901 .

622 1968 919 2024 CICERO
959 1967 1449 2025 CORNIFICIO
1483 1967 1652 2024 SAL.

272 2066 676 2133 Liberalibus
733 2069 983 2135 litteras
1030 2070 1248 2155 accepi
1290 2073 1465 2153 tuas,
1522 2090 1682 2153 quas
1735 2068 1896 2133 mihi
1941 2065 2092 2134 Cor·
2131 2083 2160 2132 1

181 2156 439 2221 nificius
485 2157 687 2223 altero
733 2158 1033 2224 vicesimo
1080 2159 1202 2243 die,
1244 2162 1321 2223 ut
1355 2157 1625 2241 dicebat,
1668 2157 1969 2223 reddidit.
2015 2179 2092 2223 eo

182 2245 287 2309 die
331 2266 468 2310 non
510 2245 638 2311 fuit
682 2250 944 2313 senatus
986 2268 1197 2332 neque
1238 2251 1515 2349 postero.
1588 2246 2094 2331 Quinquatribus

183 2333 507 2418 frequenti
553 2339 781 2400 senatu
837 2358 1097 2401 causam
1139 2340 1323 2401 tuam
1376 2335 1482 2420 egi
1536 2356 1671 2400 non
1722 2335 1930 2399 invita
1974 2334 2093 2399 Mi-

183 2443 409 2506 nerva3
456 2423 695 2489 etenim
740 2445 816 2490 eo
859 2426 1001 2509 ipso
1047 2425 1149 2489 die
1197 2428 1461 2489 senatus
1507 2423 1813 2507 decrevit,
1856 2426 1931 2489 ut
1973 2422 2094 2488 Mi-

185 2531 387 2576 nerva
440 2515 690 2597 nostra,
744 2517 960 2579 custos
1014 2513 1220 2597 urbis,
1261 2534 1472 2597 quam
1523 2512 1715 2577 turbo
1764 2474 2096 2596 d’eiecerat,

187 2599 650 2666 restitueretur.
738 2600 952 2667 Pansa
995 2605 1142 2667 tuas
1186 2602 1437 2667 litteras
1483 2601 1800 2665 recitavit:
1856 2603 2096 2684 magna

142 2749 157 2757 -
190 2691 449 2753 senatus
496 2689 880 2775 approbatio
935 2694 1281 2756 consecuta
1335 2693 1436 2755 est
1478 2711 1625 2754 eum
1670 2709 1920 2754 summo
1965 2708 2097 2753 meo

186 2775 423 2861 gaudio
480 2781 548 2842 et
604 2779 957 2845 offensione
1010 2778 1391 2863 Minotauri,
1448 2778 1516 2843 id
1570 2781 1670 2842 est
1714 2775 1977 2842 Calvisii
2031 2780 2099 2841 et

187 2864 411 2948 Tauri3
452 2865 698 2933 factum
735 2867 814 2934 de
853 2871 920 2932 te
955 2871 1219 2933 senatus
1259 2868 1626 2933 consultum
1651 2865 2096 2931 honorificum.

183 2951 668 3041 Postulabatur‚
719 2959 796 3022 ut
848 2956 1044 3022 etiam
1096 2957 1194 3021 illi
1244 2959 1654 3038 notarentur3
1718 2954 1830 3019 sed
1882 2953 2097 3018 Pansa

184 3042 575 3109 elementior.
663 3045 829 3131 Eg0,
873 3046 962 3109 mi
1008 3042 1337 3129 Cornifici,
1383 3066 1510 3129 quo
1557 3043 1658 3108 die
1702 3043 1983 3127 primum
2023 3043 2097 3107 in
2133 3053 2166 3103 2

184 3152 365 3214 spem
416 3131 734 3200 libertatis
786 3134 1115 3219 ingressus
1176 3156 1320 3198 sum
1372 3135 1440 3197 et
1496 3131 1949 3197 cunctantibus
1996 3151 2094 3195 ce·

183 3219 337 3283 teris
384 3241 440 3284 a.
486 3220 545 3284 d.
590 3239 730 3287 xm.
775 3221 856 3287 K.
910 3220 1046 3287 Ian.
1100 3221 1525 3287 fundamenta
1577 3220 1698 3284 ieci
1748 3219 1845 3283 'rei
1888 3219 2096 3303 publi·

185 3313 312 3391 cae,
359 3329 434 3373 eo
481 3309 622 3393 ipso
670 3310 772 3375 die
817 3311 1069 3395 providi
1114 3311 1392 3375 multum
1438 3312 1629 3393 atque
1665 3305 1865 3371 habui
1900 3307 2095 3372 ratio-

182 3416 332 3460 nem
369 3395 703 3482 dignitatis
739 3402 918 3483 tuae3
963 3399 1125 3463 mihi
1160 3399 1334 3463 enim
1371 3400 1470 3462 est
1505 3416 1804 3461 assensus
1833 3397 2096 3459 senatus

185 3484 262 3549 de
326 3484 693 3552 obtinendis
754 3487 1129 3573 provinciis3
1193 3507 1314 3551 nec
1376 3505 1528 3551 vero
1591 3486 1820 3568 postea
1878 3477 2097 3544 destiti
