2338 3691
59 3570 91 3590 k

174 56 180 61 1
222 101 351 165 110
784 102 860 156 Μ.
900 99 1146 155 TULLII
1186 95 1567 153 CICERONIS

216 268 480 332 prorsus
525 246 647 310 tibi
690 246 1121 331 ignoscerem,
1180 245 1233 309 si
1281 245 1596 328 quosdam
1649 245 1856 309 nolles
1900 243 2134 327 videre,

220 336 348 419 sed,
394 357 592 419 quum
636 335 880 400 leviora
923 356 1059 399 non
1103 334 1307 399 multo
1355 336 1589 417 essent,
1635 355 1798 417 quae
1840 332 2134 396 audiren-

217 428 351 508 tur,
406 444 601 507 quam
646 444 809 507 quae
854 423 1251 507 viderentur,
1307 423 1665 507 suspicarer
1711 425 1937 495 autem¹
1970 422 2134 484 mul-

216 516 358 577 tum
402 513 713 578 interesse
758 512 851 577 rei
895 512 1231 580 familiaris
1286 515 1436 577 tuae
1490 515 1555 576 te
1602 532 1795 595 quam
1852 510 2135 595 primum

219 601 435 666 venire
481 601 673 685 idque
718 601 789 666 in
835 622 1059 667 omnes
1104 605 1321 687 partes
1365 601 1626 684 valeret,
1671 599 1895 684 putavi
1941 620 2018 663 ea
2054 598 2134 662 de

218 710 287 754 re
332 693 397 753 te
444 711 582 754 esse
630 690 1125 756 admonendum.
1216 688 1360 775 Sed,
1405 689 1730 775 quoniam,
1775 687 1927 772 quid
1973 686 2136 750 mihi

217 779 518 863 placeret,
563 780 835 863 ostendi,
878 780 1128 864 reliqua
1168 783 1244 844 tu
1288 800 1406 865 pro
1443 789 1557 843 tua
1592 777 1939 862 prudentia
1983 796 2136 840 con-

220 866 554 951 siderabis3
598 890 700 933 me
745 872 967 933 tamen
1011 869 1224 953 velim,
1269 868 1440 954 quod
1486 867 1569 932 ad
1613 871 1868 952 tempus
1913 868 1980 930 te
2027 886 2135 929 ex-

220 959 598 1042 spectemus,
645 958 980 1022 certiorem
1026 958 1246 1022 facias.

1108 1168 1225 1235 XI.

553 1281 668 1338 Scr.
705 1281 993 1351 Mytilenis
1030 1282 1266 1336 exeunte
1305 1296 1451 1336 anno
1486 1298 1541 1336 11.
1578 1297 1624 1335 c.
1666 1286 1784 1336 708.

473 1406 910 1463 MARCELLUS
966 1405 1309 1462 CICERONI
1364 1405 1417 1460 S.
1468 1404 1873 1461 PLURIMAM.

349 1505 650 1572 Valuisse
715 1508 885 1592 apud
958 1530 1060 1572 me
1122 1511 1305 1571 tuam
1368 1527 1619 1591 semper
1682 1506 2136 1571 auctoritatem

218 1616 417 1680 quum
460 1597 533 1660 in
569 1596 747 1661 omni
780 1616 850 1660 re
885 1600 1027 1661 tum
1062 1596 1134 1660 in
1169 1596 1296 1660 hoc
1330 1596 1605 1660 maxime
1641 1595 1906 1682 negotio
1944 1599 2134 1679 potes

217 1684 606 1749 existimare.
663 1705 861 1768 quum
904 1684 1064 1748 mihi
1118 1682 1187 1749 G.
1231 1683 1602 1770 Marcellus,
1654 1683 1857 1748 frater
1911 1705 2134 1748 aman·

216 1772 504 1837 tissimus
548 1773 702 1857 mei,
746 1793 884 1837 non
928 1774 1137 1838 solum
1184 1774 1522 1839 consilium
1568 1773 1775 1858 daret,
1834 1772 1946 1837 sed
1990 1794 2133 1860 pre·

219 1861 399 1926 cibus
453 1882 707 1946 quoque
761 1884 863 1927 me
910 1863 1302 1947 obsecraret,
1355 1885 1491 1929 non
1543 1864 1721 1947 prius
1776 1862 1936 1927 1111111
1989 1885 2133 1946 per-

218 1949 484 2015 suadere
529 1952 770 2035 potuit,
825 1973 1020 2036 quam
1062 1953 1193 2018 tuis
1240 1955 1340 2017 est
1385 1952 1682 2017 effectum
1739 1952 2002 2035 litteris,
2058 1951 2135 2015 ut

216 2043 432 2104 uterer
473 2043 689 2105 vestro
736 2041 1144 2125 potissimum
1190 2041 1477 2106 consilio.
1548 2040 1678 2105 Res
1721 2041 2132 2125 quemadmo-

218 2126 371 2192 dum
417 2129 503 2192 sit
547 2132 709 2213 acta,
753 2133 1004 2195 vestrae
1048 2131 1302 2194 litterae
1347 2129 1507 2194 mihi
1553 2129 1898 2194 declarant.
1972 2127 2130 2193 Gra-

216 2217 448 2282 tulatio
511 2221 627 2282 tua
689 2219 810 2282 etsi
875 2222 976 2284 est
1034 2219 1198 2284 mihi
1253 2218 1733 2304 probatissima,
1810 2218 1981 2302 quod
2049 2218 2131 2282 ab

218 2306 462 2389 optimo
508 2306 585 2369 fit
629 2308 865 2392 animo,
909 2310 1130 2372 tamen
1175 2306 1300 2373 hoc
1344 2307 1502 2372 mihi
1539 2308 1742 2372 multo
1789 2307 2132 2371 iucundius

218 2396 319 2459 est
364 2398 429 2458 et
473 2396 739 2480 gratius,
785 2396 956 2480 quod
1001 2397 1072 2460 in
1109 2418 1360 2461 summa
1399 2397 1722 2481 paucitate
1759 2396 2132 2477 amicorum,

217 2484 726 2568 propinquorum
773 2507 847 2549 ac
892 2485 1416 2569 necessariorum,
1463 2486 1574 2569 qui
1617 2506 1765 2549 vere
1805 2506 1986 2549 meae
2035 2507 2130 2548 sa-

216 2572 338 2636 luti
390 2574 709 2657 faverent,
763 2577 828 2637 te
884 2572 1367 2658 cupidissimum
1421 2574 1548 2637 mei
1611 2574 2131 2659 singularemque

217 2662 377 2726 mihi
439 2625 956 2727 benevolentiam
1010 2662 1409 2746 praestitisse
1474 2664 1767 2765 cognovi.
1856 2662 2133 2746 Reliqua

219 2754 374 2817 sunt
436 2751 777 2834 eiusmodi,
841 2751 1072 2834 quibus
1137 2772 1286 2853 ego,
1352 2752 1660 2835 quoniam
1721 2751 1881 2815 haec
1947 2755 2134 2815 erant

216 2843 529 2925 tempora,
571 2840 762 2903 facile
809 2842 876 2902 et
922 2860 1126 2923 aequo
1176 2841 1391 2905 animo
1440 2840 1763 2924 carebam3
1807 2839 1931 2904 hoc
1978 2861 2131 2904 vero

218 2929 530 2995 eiusmodi
594 2950 732 2993 esse
794 2931 1011 2993 statuo
1022 2979 1039 3010 ,
1101 2931 1177 2993 ut
1240 2930 1377 2994 sine
1439 2930 1672 2993 talium
1725 2929 2012 2993 virorum
2070 2933 2136 2993 et

218 3018 570 3082 amicorum
625 3018 1074 3083 benevolentia
1117 3038 1326 3101 neque
1371 3018 1443 3082 in
1487 3018 1756 3082 adversa
1807 3038 2017 3101 neque
2064 3018 2135 3080 in

328 3240 461 3363 53.ss
505 3248 665 3308 11‚1.
731 3242 1317 3300 S.PLUR1MAM.
1400 3243 1651 3300 Valuisse
1688 3245 1827 3314 (Ml,
1866 3244 1997 3312 W..)
2073 3245 2132 3300 S.

220 3310 390 3364 PLU
445 3311 706 3366 IMAM.
790 3314 1105 3370 Plurimum
1138 3316 1248 3370 val.
1287 3315 1422 3386 (Or.)
1462 3332 1535 3370 an
1572 3315 1628 3371 S.
1672 3316 1988 3370 len'mum
2022 3318 2133 3371 val.

219 3381 358 3448 (M2‚
380 3380 439 3433 B.
445 3384 589 3448 )?—
611 3383 947 3438 existimare.-
1007 3402 1141 3440 uum
1161 3385 1258 3455 (W
1259 3389 1313 3456 .).
1377 3388 1701 3442 eaeistimare.
1744 3387 1923 3458 Quum
1941 3387 2133 3457 vulgo.

224 3453 335 3505 mei
416 3449 589 3518 fuisse
667 3454 929 3521 sin9u1.(
1005 3458 1079 3522 .)?
