2338 3691
636 159 1152 219 EPISTOLARUM
1187 165 1257 219 V.
1297 172 1345 220 9.
1386 172 1468 221 ιο.
1498 185 1547 223 a.
1919 170 2054 234 133·

150 321 285 365 nam
343 304 707 370 mehercule
778 327 898 393 ego
964 330 1224 393 quoque
1286 309 1469 375 illum
1541 334 1686 378 amo
1748 337 1861 398 —3
1934 314 2046 379 sed

148 388 571 457 huiuscemodi
633 416 748 459 vos
812 396 1104 482 clientes,
1166 397 1535 464 huiusmodi
1598 423 1825 467 causas
1889 404 2045 468 reci-

149 477 322 561 pitis?
383 480 719 548 hominem
761 505 973 560 unum,
1010 486 1304 551 omnium
1348 488 1888 575 crudelissimum,
1934 492 2046 576 qui

148 570 232 631 tot
261 568 601 656 ingenuOS,
645 573 1185 659 matresfamilias,
1221 575 1400 641 cives
1426 575 1757 644 Romanos
1794 580 2045 666 occidit,

150 654 425 743 abripuit,
475 658 877 744 disperdidit,
919 663 1219 747 regiones
1254 666 1578 730 vastavit?
1624 667 1865 753 simius,
1909 690 2046 733 non

151 746 406 818 semissis
453 746 676 833 homo,
712 754 951 814 contra
990 772 1095 816 me
1140 773 1321 817 arma
1359 754 1528 838 tulit,
1572 758 1639 820 et
1682 778 1829 821 eum
1872 757 2043 823 bello

149 834 282 917 cepi.
367 832 501 900 Sed
547 839 796 922 tamen,
840 839 930 902 mi
975 837 1226 927 Cicero,
1281 842 1434 925 quid
1476 844 1690 909 facere
1733 846 2042 929 possum}>
2078 859 2112 910 2

150 918 358 987 Omnia
416 925 791 992 mehercule
855 928 1043 1012 cupio
1054 979 1072 1012 ,
1143 951 1307 1013 quae
1369 934 1445 995 tu
1507 933 1669 998 mihi
1738 934 2045 1019 imperas3

149 1014 332 1076 nicam
376 1014 1009 1081 animadversionem
1051 1021 1120 1081 et
1162 1019 1576 1105 supplicium,
1628 1044 1756 1106 quo
1808 1045 2045 1089 usurus

149 1118 300 1164 eram
340 1102 413 1167 in
459 1124 640 1188 eum,
684 1125 877 1187 quem
921 1106 1257 1191 cepissem,
1309 1109 1569 1175 remitto
1614 1111 1737 1176 tibi
1784 1115 1852 1176 et
1894 1134 2045 1178 con-

149 1186 320 1256 dono:
383 1192 546 1277 quid
607 1193 736 1257 illis
800 1194 1183 1279 respondere
1245 1218 1535 1281 possum,
1609 1198 1719 1282 qui
1782 1198 1867 1264 ob
1929 1220 2048 1263 sua

148 1276 298 1352 bona
323 1279 603 1365 direpta,
639 1302 837 1346 naves
875 1284 1608 1368 expugnatassfraiffes,
1633 1285 1896 1368 liberos,
1935 1307 2045 1370 pa-

148 1370 338 1433 rentes
385 1369 638 1433 occisos
684 1370 968 1439 actiones
1013 1373 1466 1455 expostulant?
1543 1370 1611 1437 Si
1657 1372 2047 1438 mehercules

150 1454 322 1541 Appii
376 1480 451 1525 os
509 1458 846 1543 haberem,
896 1459 969 1523 in
1021 1460 1203 1525 cuius
1255 1460 1471 1525 locum
1523 1459 1827 1525 suffectus
1883 1481 2043 1543 sum,

150 1548 343 1610 tamen
386 1548 522 1613 hoc
568 1548 886 1612 sustinere
929 1568 1066 1613 non
1108 1569 1385 1633 possem.
1474 1549 1643 1625 Quid
1697 1568 1854 1634 ergo
1901 1547 2043 1612 est?

151 1629 386 1700 Faciam
433 1637 659 1701 omnia
704 1637 944 1721 sedule,
986 1658 1152 1721 quae
1198 1641 1263 1703 te
1310 1637 1510 1712 sciam
1553 1638 1733 1702 velle.
1804 1635 2038 1702 Defen-

150 1719 302 1790 Aditur
343 1748 383 1792 a
438 1724 519 1801 Q.
564 1724 834 1791 Volusio
843 1776 862 1811 ,
914 1728 1030 1791 tuo
1086 1726 1427 1810 discipulo,
1481 1726 1536 1790 si
1588 1726 1758 1791 forte
1812 1747 1889 1790 ea
1941 1747 2043 1790 res

155 1813 365 1893 poterit
408 1814 815 1880 adversarios
858 1814 1114 1901 fugare3
1165 1815 1236 1880 in
1284 1835 1359 1880 eo
1406 1814 1684 1879 maxima
1738 1835 1884 1900 spes
1930 1818 2044 1880 est.

157 1896 296 1986 Nos,
348 1904 405 1968 si
460 1903 621 1984 quid
680 1904 803 1968 erit
843 1904 990 1969 istic
1045 1926 1207 1988 opus
1216 1954 1234 1989 ,
1286 1907 1360 1968 tu
1416 1903 1744 1968 defendes:
1809 1901 2047 1969 Caesar
2080 1915 2113 1962 3

158 1987 340 2056 adhuc
383 1993 551 2057 mihi
584 1992 887 2057 iniuriam
920 1992 1108 2076 facit3
1154 1992 1233 2056 de
1269 1992 1427 2057 meis
1470 1992 2046 2077 supplicationibus

159 2080 212 2139 et
247 2080 433 2145 rebus
482 2080 683 2166 gestis
726 2080 1106 2146 Dalmaticis
1149 2081 1363 2146 adhuc
1405 2102 1542 2145 non
1585 2080 1809 2165 refert,
1862 2081 2047 2165 quasi

158 2184 287 2233 vero
329 2190 505 2234 non—
515 2167 852 2235 iustissimi
903 2169 1217 2254 triumphi
1258 2170 1330 2234 in
1374 2168 1703 2233 Dalmatia
1758 2191 1861 2234 res
1906 2190 2047 2252 ges-

161 2256 352 2322 serim!
404 2275 592 2342 nam,
647 2258 702 2323 si
745 2259 872 2325 hoc
916 2259 1417 2342 exspectandum
1461 2261 1586 2343 est,
1640 2258 1793 2323 dum
1836 2260 2049 2323 totum

162 2340 375 2410 bellum
441 2347 808 2431 conficiam,
873 2347 1108 2432 viginti
1172 2347 1409 2432 oppida
1471 2350 1625 2411 sunt
1684 2343 2047 2412 Dalmatiae

164 2433 434 2519 antiqua,
490 2457 654 2520 quae
705 2436 833 2520 ipsi
894 2436 1019 2501 sibi
1081 2437 1472 2520 asciverunt,
1535 2435 1810 2520 amplius
1873 2456 2047 2501 sexa-

165 2519 351 2602 ginta:
403 2525 570 2590 haec
612 2525 740 2589 nisi
784 2525 1002 2590 omnia
1044 2544 1374 2610 expugno,
1428 2524 1484 2589 si
1527 2523 1689 2589 mihi
1734 2524 2047 2609 supplica-

164 2607 352 2678 tiones
396 2635 536 2678 non
580 2612 1040 2697 decernuntur,
1091 2614 1287 2699 longe
1334 2613 1462 2679 alia
1506 2613 1882 2678 condicione
1927 2633 2049 2696 ego

170 2716 291 2764 sum
333 2723 414 2767 ac
458 2702 652 2767 ceteri
698 2702 1134 2787 imperatores.
1179 2735 1786 2751 ------------
1802 2743 1804 2745 ·
1815 2733 2049 2749 ·····

284 2928 381 2999 ΕΡ.
431 2936 513 2985 10.
551 2946 603 2985 a.
644 2936 691 2983 1.
765 2930 934 3000 disp„
978 2931 1223 3001 reqionae
1268 2931 1399 3001 (M).
1474 2933 1555 2998 d„
1600 2937 1680 2986 tot
1712 2948 1822 3002 rey.
1859 2931 1948 3000 LL,
1977 2931 2047 2986 B.

170 2999 212 3047 2.
248 3000 336 3066 qm·
370 3001 434 3056 ob
471 3015 578 3055 sua
615 3042 627 3054 .
659 3041 671 3053 .
703 3041 715 3054 .
755 3002 993 3056 actiones
1027 3017 1148 3070 exp.
1186 3002 1308 3072 (M.‚
1355 3002 1452 3056 sed
1490 3002 1691 3058 omisso
1726 3003 1818 3069 ob,
1851 3001 1944 3057 W.
1983 3018 2051 3056 ex

172 3061 362 3123 Krausii
389 3070 554 3140 conj.)
581 3071 680 3140 qui
703 3086 810 3126 sua
839 3112 886 3126 ..
911 3114 922 3127 .
951 3090 989 3126 a
1017 3071 1222 3128 Gatz'lw
1364 3113 1377 3126 .
1408 3072 1498 3128 Or.
1529 3072 1689 3144 conj„
1715 3072 1778 3127 B.
1816 3078 1865 3127 3.
1894 3087 2050 3142 opus,

173 3137 224 3187 W
261 3139 357 3206 def.
402 3141 552 3211 (W.).
617 3157 664 3196 ο.
710 3142 763 3198 d.
811 3141 911 3212 M„
959 3142 1146 3225 vulgo
1188 3173 1255 3184 —
1344 3159 1492 3198 cesse
1539 3146 1844 3197 extremam
1888 3142 2052 3196 huius

179 3205 684 3337 epistolaemrpartem
729 3215 788 3268 et
831 3215 1112 3282 sequentis
1154 3215 1261 3283 (10.
1306 3213 1383 3280 b.)
1429 3212 1667 3282 primam
1720 3212 1892 3281 vulgo
1936 3228 2051 3267 non

177 3279 396 3345 ssgmfica
491 3324 503 3337 .
