2338 3691
210 163 343 228 230
681 226 682 229 Ἰ
775 163 849 217 Μ.
888 162 1137 218 TULLII
1175 162 1554 218 CICERONIS
1606 194 1613 201 -

135 323 169 370 2
208 313 273 374 et
316 309 677 393 poeniteret
721 329 867 371 eum
911 308 1042 371 iam
1086 308 1332 372 vicisse.
1404 307 1502 372 De
1526 329 1608 372 ¹re
1643 308 1902 393 publica
1947 309 2122 393 quod

204 398 325 462 tibi
372 398 663 480 scribam,
708 396 874 460 nihil
916 396 1153 461 habeo:
1214 395 1503 461 Marcelli
1547 397 1827 482 impetus
1871 396 2123 462 resede-

205 489 376 570 runt,
421 507 556 550 non
600 485 852 569 inertia,
899 484 1028 568 sed,
1073 488 1148 550 ut
1183 484 1344 549 mihi
1383 485 1786 570 videbantur,
1831 486 2124 573 consilio.

205 573 302 638 De
332 575 607 639 comitiis
637 573 1080 638 consularibus
1108 574 1543 639 incertissima
1576 578 1677 639 est
1703 574 2123 640 existimatio:

207 683 328 750 ego
356 663 553 728 incidi
579 663 650 727 in
677 663 1163 747 competitorem
1190 663 1474 728 nobilem
1511 668 1578 729 et
1602 663 1888 728 nobilem
1925 683 2126 749 agen-

206 753 362 834 tem3
416 773 572 816 nam
616 751 703 816 M.
751 749 1054 817 Octavius
1102 749 1218 816 Cn.
1260 752 1307 815 f.
1354 755 1421 817 et
1465 749 1533 816 C.
1578 751 1813 816 Hirrus
1868 773 2124 817 mecum

205 844 453 923 petunt.
525 840 669 906 Hoc
714 840 858 905 ideo
907 841 1149 925 scripsi,
1197 840 1383 924 quod
1407 841 1538 905 scio
1586 843 1650 905 te
1696 841 1928 905 acriter
1972 862 2123 925 pro-

204 930 349 1012 pter
411 927 680 994 Hirrum
742 929 1045 993 nuntium
1107 932 1480 994 nostrorum
1545 929 1951 994 comitiorum
2015 951 2123 994 ex-

206 1020 660 1101 spectaturum.
770 1017 868 1082 Tu
932 1021 1151 1082 tamen
1217 1018 1484 1083 simulac
1546 1038 1649 1082 me
1709 1018 2124 1103 designatum

206 1106 503 1191 audieris,
548 1110 624 1171 ut
666 1106 788 1170 tibi
834 1125 1023 1171 curae
1070 1107 1182 1190 sit,
1229 1107 1400 1190 quod
1444 1107 1532 1172 ad
1572 1107 1922 1190 pantheras
1971 1107 2121 1171 atti-

202 1198 333 1278 net,
376 1216 555 1281 rogo.
646 1193 1098 1280 Syngrapham
1154 1193 1498 1261 Sittianam
1552 1195 1672 1260 tibi
1719 1195 2122 1261 commendo.

102 1290 110 1296 ’
204 1280 752 1349 Commentarium
805 1305 1017 1348 rerum
1071 1284 1466 1349 urbanarum
1521 1283 1800 1368 primum
1853 1283 1998 1348 dedi
2045 1283 2122 1348 L.

203 1369 525 1527 gazaz-‘mio
570 1373 789 1458 Paeto,
833 1373 1186 1439 secundum
1232 1374 1318 1458 ei,
1374 1373 1484 1458 qui
1536 1373 1655 1438 has
1701 1373 1950 1438 litteras
1994 1372 2123 1438 tibi

247 1482 280 1525 e

1092 1654 1212 1721 111.

546 1756 661 1823 Scr.
699 1768 910 1824 Romae
947 1785 1135 1824 mense
1174 1768 1334 1824 Iunio
1373 1784 1421 1822 a.
1459 1785 1512 1823 u.
1553 1787 1597 1823 c.
1638 1773 1757 1824 703.

714 1892 1019 1948 CAELIUs
1058 1892 1401 1950 CICERONI
1438 1892 1590 1948 SAL.

133 2005 163 2054 1
333 1988 582 2056 Estne?
654 1993 779 2058 vici
841 1997 909 2058 et
967 1994 1090 2059 tibi
1153 2014 1372 2078 saepe,
1445 1993 1617 2078 quod
1678 2011 1776 2057 me
1836 2009 2120 2077 negaras

201 2078 532 2145 discedens
586 2086 983 2165 curaturum,
1035 2082 1286 2146 litteras
1341 2081 1576 2147 mitto?
1664 2079 1812 2164 Est,
1868 2080 1923 2144 si
1978 2081 2119 2163 qui·

201 2167 347 2232 dem
369 2166 790 2253 perferuntur,
830 2191 987 2254 quas
1016 2170 1115 2234 do.
1190 2171 1404 2256 Atque
1437 2171 1563 2235 hoc
1590 2188 1710 2254 ego
1739 2190 1814 2234 eo
1845 2168 2120 2255 diligen-

198 2256 328 2321 tius
373 2256 629 2341 factit0,
683 2259 881 2342 quod,
940 2275 1139 2342 quum
1194 2259 1441 2323 otiosus
1498 2279 1665 2342 sum,
1728 2258 1946 2343 plane,
2000 2259 2121 2323 ubi

201 2344 509 2409 delectem
555 2347 824 2412 otiolum
869 2368 1102 2430 meum,
1144 2367 1283 2412 non
1316 2347 1544 2413 habeo.
1617 2346 1718 2411 Tu
1759 2368 1956 2431 quum
1983 2345 2119 2412 Ro-

199 2455 341 2498 mae
387 2455 555 2519 eraS,
606 2435 731 2501 hoc
784 2436 945 2500 mihi
999 2439 1246 2500 certum
1291 2456 1366 2500 ac
1421 2435 1950 2501 iucundissimum
2003 2457 2119 2500 va-

200 2523 374 2587 canti
419 2525 755 2610 negotium
800 2528 965 2608 erat,
1018 2527 1233 2589 tecum
1278 2524 1344 2588 id
1399 2524 1517 2590 otii
1568 2528 1823 2608 tempus
1883 2544 2118 2589 consu-

198 2633 388 2696 mere,
432 2612 625 2697 idque
670 2634 807 2678 non
850 2612 1258 2678 mediocriter
1299 2613 1607 2697 desidero,
1652 2616 1728 2677 ut
1771 2611 1932 2676 mihi
1974 2633 2116 2677 non

197 2701 389 2767 modo
435 2721 539 2784 690
584 2702 760 2767 solus
815 2723 982 2787 esse,
1040 2702 1151 2768 sed
1205 2701 1452 2767 Romae
1505 2706 1571 2768 te
1625 2700 1916 2785 profecto
1964 2701 2117 2766 soli-

195 2791 353 2856 tudo
400 2790 695 2856 videatur
737 2790 939 2874 facta,
985 2793 1076 2874 et,
1122 2790 1260 2874 qui,
1315 2812 1478 2874 quae
1524 2811 1669 2854 mea
1713 2789 2117 2875 negligentia

197 2881 313 2962 est,
358 2879 597 2945 multos
644 2899 836 2963 saepe
883 2879 1016 2944 dies
1072 2878 1153 2943 ad
1199 2883 1291 2963 te,
1347 2900 1545 2963 quum
1587 2877 1694 2943 hic
1753 2899 1922 2961 eras,
1975 2898 2115 2942 non

198 2967 604 3052 accedebam,
665 2989 842 3032 nunc
905 2967 1190 3051 quotidie
1245 2967 1382 3033 non
1435 2988 1573 3036 esse
1627 2971 1721 3050 te,
1783 2967 1865 3031 ad
1921 2987 2115 3051 quem

196 3056 516 3141 cursitem,
544 3056 909 3122 discrucior.
981 3055 1261 3121 Maxime
1290 3078 1458 3141 vero,
1494 3058 1575 3121 ut
1594 3058 1661 3120 te
1689 3055 1822 3120 dies
1858 3058 2114 3120 noctes-

198 3163 320 3225 que
384 3165 715 3228 quaeram,
778 3145 1161 3229 competitor
1223 3143 1457 3210 Hirrus
1517 3148 1723 3210 curat:
1788 3143 2112 3227 quomodo

298 3328 437 3407 ‚Ep.
476 3335 525 3398 2,
566 3337 615 3385 2.
670 3333 996 3390 videbantwr
1032 3337 1166 3406 (M.).
1222 3337 1508 3392 videbatur
1534 3337 1597 3393 B.
1636 3368 1703 3378 —
1732 3340 1931 3406 petunt
1957 3336 2109 3404 (W).

189 3400 334 3462 petvt«
375 3397 477 3466 M„
528 3399 716 3469 vulgo.
768 3432 836 3443 -—
882 3406 986 3461 tibi
1028 3406 1272 3463 reddidit
1317 3408 1485 3477 (W.)?
1549 3408 1650 3478 Ep.
1698 3415 1748 3475 3,
1800 3414 1845 3461 1.
1910 3422 2004 3477 eqo
2048 3421 2113 3463 oo

200 3464 457 3533 (Busch.).
529 3484 622 3537 eqo
666 3468 742 3525 Μ.
787 3488 846 3528 eo
890 3476 1078 3545 vulgo.
1141 3479 1252 3532 vici
1297 3484 1346 3533 et
1383 3479 1530 3547 <W.).
1567 3478 1660 3534 a?
1707 3484 1765 3534 εὑ
1800 3477 1987 3547 vulgo.
2034 3507 2108 3519 -

200 3540 521 3591 curaturum
559 3540 767 3595 litteras
803 3544 930 3611 (N.).
997 3562 1038 3599 c.
1081 3548 1227 3619 [tibi]
1266 3549 1300 3604 ἶ.
1339 3549 1467 3604 ΜΒ.
