2338 3691
171 733 200 783 1

243 124 374 192 436
769 211 774 215 θ
806 129 881 183 Μ.
921 129 1167 185 TULLII
1206 128 1586 187 CICERONIS

1107 380 1285 448 XIX.

752 489 868 548 Sor.
922 492 1133 548 Romae
1171 511 1241 581 ,⁸⁹⁸
1298 511 1352 551 u.
1405 510 1451 549 c.
1512 499 1629 550 708.

821 615 1077 674 CICERO
1117 617 1380 674 SERVIO
1420 617 1570 675 SAL.

371 713 537 782 Cum
589 715 844 803 Lysone
899 718 1198 784 Patrensi
1253 721 1353 784 est
1403 718 1565 784 mihi
1627 717 1884 804 quidem
1936 716 2158 804 hospi-

238 806 404 870 tium
448 809 651 892 vetus,
698 829 891 894 quam
938 829 1059 893 ego
1097 807 1638 872 necessitudinem
1676 810 1897 872 sancte
1941 808 2157 872 colen·

239 894 388 959 dam
432 898 619 980 put03
675 897 786 960 sed
843 918 918 961 ea
964 918 1160 961 causa
1214 896 1409 961 etiam
1464 919 1610 962 cum
1670 896 1813 961 aliis
1868 897 2156 982 complu·

236 983 442 1069 ribuS,
494 983 902 1050 familiaritas
955 988 1144 1050 tanta
1197 986 1377 1051 nullo
1426 987 1571 1049 cum
1614 985 1899 1070 hospite,
1953 989 2021 1050 et
2079 1007 2157 1050 ea

239 1093 437 1157 quum
482 1073 714 1138 officiis
761 1075 896 1139 eius
941 1074 1192 1158 multis,
1243 1076 1385 1138 tum
1441 1073 1634 1138 etiam
1689 1073 2155 1140 consuetudine

239 1160 618 1244 quotidiana
671 1163 763 1228 sic
809 1167 909 1228 est
952 1167 1168 1246 aucta,
1221 1165 1297 1227 ut
1349 1162 1515 1227 nihil
1570 1162 1655 1228 sit
1710 1161 2155 1228 familiaritate

236 1253 463 1315 nostra
508 1251 930 1317 coniunctius.
1011 1246 1078 1316 Is
1125 1273 1324 1336 quum
1369 1250 1614 1316 Romae
1661 1273 1906 1316 annum
1949 1274 2154 1337 prope

235 1338 330 1402 ita
363 1339 611 1424 fuisset,
655 1344 732 1405 ut
765 1362 1018 1406 meeum
1052 1340 1315 1424 viveret,
1360 1340 1481 1404 etsi
1516 1361 1770 1405 eramus
1804 1339 1875 1404 in
1912 1361 2155 1426 magna

238 1449 350 1511 spe
385 1431 452 1493 te
489 1429 648 1493 meis
681 1429 916 1494 litteris
954 1427 1635 1513 commendationeque
1664 1429 2153 1514 diligentissime

235 1515 560 1582 facturum
603 1516 698 1603 id,
752 1517 925 1602 quod
968 1517 1206 1603 fecisti,
1261 1520 1337 1583 ut
1380 1518 1516 1582 eius
1562 1539 1698 1582 rem
1744 1522 1810 1582 et
1851 1517 2152 1583 fortunas

238 1606 524 1671 absentis
576 1610 854 1692 tuerere,
915 1609 1164 1692 tamen,
1228 1605 1401 1691 quod
1454 1606 1525 1671 in
1582 1607 1775 1671 unius
1828 1610 2153 1691 potestate

238 1698 426 1758 erant
471 1695 690 1760 omnia
744 1700 810 1760 et
864 1694 1035 1779 quod
1080 1701 1249 1780 Lyso
1294 1694 1510 1759 fuerat
1561 1695 1631 1759 in
1685 1698 1910 1761 nostra
1958 1717 2155 1760 causa

144 1814 147 1816 ·
236 1783 604 1868 nostrisque
666 1784 1029 1870 praesidiis,
1094 1783 1379 1869 quotidie
1443 1782 1685 1868 aliquid
1738 1784 2154 1868 timebamus;

238 1872 534 1937 effectum
595 1876 816 1938 tamen
881 1877 980 1938 est
1033 1876 1099 1938 et
1150 1873 1353 1958 ipsius
1407 1872 1746 1958 splendore
1802 1878 1869 1938 et
1925 1878 2151 1939 nostro

236 1961 756 2045 reliquorumque
790 1962 1125 2046 hospitum
1162 1961 1395 2046 studio,
1429 1965 1506 2027 ut
1541 1963 1777 2046 omnia,
1822 1984 1985 2046 quae
2022 1963 2152 2026 vel-

237 2049 461 2132 lemuS,
506 2071 547 2113 a
592 2048 863 2115 Caesare
908 2052 1434 2135 impetrarentur,
1488 2049 1660 2134 quod
1703 2050 2027 2136 intelliges
2074 2072 2153 2115 ex

237 2136 318 2205 iis
380 2137 639 2223 litteris,
702 2160 862 2223 quas
918 2137 1157 2204 Caesar
1219 2138 1301 2204 ad
1362 2143 1429 2204 te
1485 2139 1677 2204 dedit.
1764 2137 1958 2204 Nunc
2015 2160 2154 2205 non

238 2224 430 2291 modo
488 2248 624 2292 non
676 2228 1064 2293 remittimus
1116 2228 1238 2292 tibi
1266 2226 1526 2311 aliquid
1580 2250 1658 2292 ex
1710 2230 1935 2293 nostra
1980 2249 2151 2294 com·

236 2314 678 2400 mendatione,
724 2317 908 2402 quasi
955 2317 1172 2400 adepti
1216 2315 1346 2380 iam
1394 2316 1636 2400 omnia,
1682 2317 1795 2381 sed
1840 2338 1915 2382 eo
1962 2317 2151 2381 vehe-

237 2404 517 2468 mentius
582 2426 621 2468 a
672 2408 739 2469 te
803 2405 1279 2489 contendimus,
1332 2407 1407 2470 ut
1460 2404 1783 2489 Lysonem
1834 2405 1906 2469 in
1958 2405 2153 2470 fidem

237 2492 902 2577 necessitudinemque
956 2498 1137 2559 tuam
1190 2494 1461 2578 recipias
1471 2516 1499 2582 εθ
1546 2493 1727 2557 cuius
1772 2491 1969 2557 dubia
2020 2494 2151 2558 for-

236 2583 400 2643 tuna
461 2581 747 2646 timidius
809 2586 1024 2647 tecum
1089 2583 1440 2667 agebamus
1451 2633 1469 2665 ,
1530 2585 1823 2646 verentes
1867 2582 2152 2666 nequid

239 2668 557 2735 accideret
601 2670 931 2753 eiusmodi,
974 2674 1051 2735 ut
1094 2691 1177 2734 ne
1223 2674 1295 2734 tu
1333 2670 1587 2754 quidem
1624 2670 1865 2735 mederi
1899 2692 2150 2754 posses3

237 2759 572 2842 explorata
607 2780 768 2848 ⁴vero
816 2759 953 2824 eius
997 2758 1442 2824 incolumitate
1489 2759 1707 2824 omnia
1752 2781 1792 2823 a
1836 2761 1902 2823 te
1947 2760 1991 2838 †
2020 2763 2148 2825 stu-

237 2846 370 2910 dia·
391 2852 641 2912 summ‘o
690 2868 843 2912 eura
886 2851 1057 2931 peto.
1130 2846 1308 2923 Quae
1353 2868 1436 2911 ne
1473 2847 1731 2933 singula
1766 2869 2150 2932 enumerem,

218 2937 445 3000 ‘totam
489 2936 611 3000 tibi
657 2936 919 3001 domum
964 2934 1371 3020 commendo,
1415 2936 1485 3000 in
1528 2936 1631 3001 his
1678 2936 2148 3002 adolescentem

236 3021 443 3096 filium
486 3024 642 3108 eius,
687 3046 876 3108 quem
905 3022 974 3089 O.
1001 3023 1297 3108 Maenius
1332 3023 1673 3109 Gemellus,
1718 3024 1916 3090 cliens
1952 3047 2149 3109 meus,

380 3196 484 3265 Ep.
525 3204 608 3265 19,
638 3204 685 3252 1.
750 3203 922 3267 ,ματος
956 3200 1050 3254 sed
1083 3214 1150 3254 ea
1179 3204 1350 3254 eausa
1376 3199 1539 3254 etiam
1576 3199 1688 3268 (M.,
1716 3200 1928 3271 vulgo).
1992 3205 2145 3270 puto.

239 3265 335 3318 sed
377 3281 442 3318 ea
486 3282 530 3321 c.
575 3273 655 3323 est
696 3270 861 3324 etiam
909 3268 989 3337 L„
1027 3268 1088 3323 B.
1190 3274 1239 3323 2.
1294 3273 1332 3336 †
1366 3271 1556 3326 studia
1597 3286 1803 3327 summo
1848 3286 1987 3327 cura
2022 3276 2148 3341 peto

243 3333 357 3400 (M.,
384 3334 513 3403 W.).
567 3352 772 3395 summo
797 3340 999 3405 studio,
1024 3356 1237 3396 summa
1263 3355 1399 3396 cura
1416 3357 1478 3411 p.
1501 3341 1633 3410 (W.)
1655 3343 1755 3396 aut
1779 3358 1821 3396 s.
1848 3358 1891 3397 s.
1919 3357 2146 3398 summa·

242 3419 343 3470 que
379 3419 515 3459 ewra
539 3423 602 3473 p.
649 3410 817 3479 (Asc.)
857 3413 958 3466 aut
991 3426 1033 3466 s.
1078 3427 1120 3467 ε.
1158 3416 1211 3467 et
1244 3426 1288 3467 s.
1324 3428 1367 3466 c.
1398 3429 1461 3483 P·
1505 3412 1654 3483 (W.).
1726 3413 1909 3470 studio
1943 3428 2146 3469 summo

245 3488 483 3542 curaque
509 3481 637 3544 peto
672 3478 761 3546 N„
799 3480 862 3535 B.
