2338 3691
251 94 376 158 166
812 96 888 150 Μ.
928 94 1175 149 TULLII
1211 94 1592 150 CICERONIS

245 261 439 325 quam
482 261 743 305 necesse
786 240 938 323 fuit3
982 239 1143 304 facit
1180 243 1397 305 autem
1432 262 1570 305 non
1602 239 1959 325 loquacitas
1995 263 2166 325 mea,

174 348 208 399 5
246 330 358 394 66(1
402 328 854 394 benevolentia
896 329 1226 414 longiores
1284 329 1604 413 epistolas,
1696 327 1986 394 Servium
2031 329 2161 395 dis-

244 417 509 484 cessisse
571 416 847 483 Athenis
912 418 1180 483 moleste
1243 418 1391 501 tuli;
1462 440 1598 483 non
1670 418 1843 482 enim
1915 417 2162 503 dubito,

226 508 401 591 quin
455 528 730 592 magnae
795 508 915 572 tibi
966 506 1278 572 levationi
1333 507 1561 573 solitus
1616 506 1700 571 sit
1755 528 1894 572 esse
1950 508 2157 591 quoti·

243 596 473 661 dianus
538 618 922 682 congressus
996 598 1062 660 et
1125 618 1335 661 sermo
1405 617 1604 680 quum
1673 595 2158 661 familiarissimi

239 685 542 770 hominis,
585 688 728 749 tum
775 686 1003 770 optimi
1049 688 1115 749 et
1157 684 1643 769 prudentissimi
1687 685 1826 749 viri.
1908 684 2009 750 Tu
2051 707 2154 751 ve-

241 774 358 838 lim
419 777 512 859 te,
572 777 649 839 ut
712 774 903 840 debes
961 779 1026 840 et
1080 774 1274 858 soles,
1338 777 1453 839 tua
1514 774 1750 840 virtute
1808 777 2155 840 sustentes:

243 884 392 950 ego,
452 884 614 948 quae
670 866 735 928 te
791 865 953 929 velle
1001 885 1291 965 quaeque
1347 862 1428 928 ad
1472 866 1538 927 te
1584 866 1650 928 et
1677 863 1777 927 ad
1823 865 1971 929 tuos
2015 886 2156 949 per-

239 952 447 1017 tinere
494 952 884 1039 arbitrabor,
940 951 1159 1018 omnia
1205 951 1489 1032 studiose
1536 952 2004 1037 diligenterque
2051 974 2157 1019 cu-

241 1041 428 1125 1611ος
474 1063 637 1126 quae
685 1065 882 1126 quum
926 1042 1182 1126 faciam,
1226 1040 1744 1108 benevolentiam
1780 1044 1963 1106 tuam
2002 1063 2157 1129 erga

207 1138 343 1196 ’1116
389 1131 711 1217 imitabor,
755 1131 986 1196 merita
1030 1152 1166 1195 non
1213 1152 1537 1216 assequar.
1626 1128 1809 1196 Vale.

1152 1326 1235 1391 V.

593 1440 706 1497 Ser.
753 1439 965 1493 Romae
1013 1441 1249 1494 exeunte
1296 1455 1443 1495 anno
1490 1457 1542 1493 u.
1591 1451 1638 1493 6.·
1678 1446 1796 1494 708.

669 1563 745 1619 Μ.
775 1561 1032 1618 CICERO
1064 1562 1118 1618 S.
1140 1563 1213 1618 D.
1243 1563 1309 1619 A.
1340 1561 1718 1619 CAECINAE.

170 1679 200 1729 1
373 1663 910 1749 Quotiescumque
937 1664 1143 1729 filium
1171 1667 1357 1730 tuum
1392 1663 1577 1729 video
1608 1700 1691 1710 —
1721 1662 1906 1728 video
1938 1666 2154 1728 autem

238 1754 371 1818 fere
420 1752 704 1838 quotidie
733 1788 836 1837 —,
879 1754 1189 1836 polliceor
1224 1754 1283 1818 ei
1320 1753 1604 1818 studium
1641 1752 1896 1837 quidem
1937 1774 2153 1818 meum

240 1845 306 1908 et
333 1863 615 1927 'operam
660 1842 797 1907 sine
842 1843 976 1907 ulla
1022 1843 1397 1928 exceptione
1444 1845 1559 1908 aut
1601 1841 1841 1907 laboris
1889 1845 2005 1907 aut
2051 1864 2151 1907 oc-

240 1931 603 2016 cupationis
640 1936 755 1996 aut
787 1932 1116 2017 temporiS,
1153 1933 1431 2017 gratiam
1459 1935 1675 1997 autem
1713 1934 1904 2015 atque
1935 1934 2152 1997 aucto-

236 2021 498 2085 ritatem
534 2042 680 2085 cum
714 2020 839 2084 hac
876 2021 1269 2106 exceptione,
1316 2025 1630 2105 quantum
1664 2020 1912 2085 valeam
1951 2042 2152 2105 quan-

235 2113 502 2194 tumque
548 2109 807 2194 possim.
880 2108 1073 2174 Liber
1117 2114 1271 2175 tuus
1318 2113 1384 2174 et
1425 2111 1629 2174 lectus
1677 2111 1776 2172 est
1812 2112 1876 2173 et
1911 2109 2155 2194 legitur

239 2220 279 2262 a
331 2219 433 2263 me
488 2198 832 2285 diligenter
885 2202 951 2262 et
1000 2199 1360 2264 custoditur
1417 2197 1921 2283 diligentissime.
2021 2197 2154 2262 Res

239 2289 304 2351 et
347 2286 646 2353 fortunae
691 2290 842 2351 tuae
898 2286 1058 2351 mihi
1110 2287 1426 2351 maximae
1492 2308 1680 2351 curae
1744 2289 1922 2370 sunt,
1985 2308 2155 2371 quae

237 2375 496 2460 quidem
542 2376 827 2460 quotidie
872 2376 1195 2440 faciliores
1250 2375 1410 2440 mihi
1465 2379 1529 2440 et
1582 2375 1876 2440 meliores
1931 2374 2154 2440 viden-

234 2467 359 2549 tur,
404 2465 750 2550 multisque
786 2464 971 2530 video
1009 2485 1286 2549 magnae
1333 2486 1471 2529 esse
1508 2485 1715 2548 curae,
1761 2485 2037 2548 quorum
2074 2463 2154 2528 de

237 2553 450 2619 studio
498 2558 564 2618 et
601 2554 679 2618 (16
717 2576 833 2618 sua
870 2575 981 2638 spe
1018 2553 1226 2617 filium
1263 2553 1344 2618 ad
1379 2557 1445 2618 te
1480 2552 1925 2638 perscripsisse
1973 2556 2153 2618 certo

164 2663 198 2713 2
236 2644 395 2728 scio;
439 2643 520 2707 116
567 2646 785 2707 autem
831 2642 909 2706 de
953 2642 1174 2726 rebus,
1220 2664 1380 2727 quas
1428 2642 1797 2707 coniectura
1843 2642 2155 2726 consequi

233 2754 596 2818 possumus,
640 2753 777 2796 non
822 2730 983 2795 mihi
1028 2752 1232 2815 sum0,
1275 2733 1351 2795 ut
1384 2732 1531 2816 plus
1567 2730 1705 2815 ipse
1741 2730 2157 2815 prospiciam,

238 2842 433 2904 quam
475 2824 542 2884 te
586 2820 802 2884 videre
849 2822 1042 2904 atque
1088 2782 1449 2905 intelligere
1495 2819 1657 2884 mihi
1701 2820 2157 2903 persuaserim,

236 2910 349 2974 sed
393 2913 632 2993 tamen,
679 2909 828 2992 quia
870 2908 1011 2972 fieri
1054 2910 1288 2992 potest,
1331 2912 1407 2973 ut
1449 2911 1522 2973 tu
1561 2930 1638 2973 ea
1676 2908 2157 2992 perturbatiore

238 2997 453 3062 animo
502 2998 773 3083 cogiteS,
818 3001 978 3081 puto
1025 3019 1164 3062 esse
1210 3019 1450 3082 meum,
1497 2997 1649 3082 quid
1697 2997 2000 3082 sentiam,
2048 3019 2155 3061 ex-

235 3104 502 3167 ponere:
558 3107 635 3148 ea
687 3088 922 3150 natura
965 3108 1182 3150 rerum
1237 3088 1336 3150 est
1380 3089 1446 3150 et
1498 3086 1555 3150 is
1600 3089 1965 3170 temporum
2011 3107 2159 3150 cur-

238 3191 366 3253 sus,
410 3174 484 3234 ut
527 3193 663 3236 non
707 3174 914 3255 possit
957 3174 1084 3238 ista
1129 3177 1244 3238 aut
1287 3174 1408 3238 tibi
1454 3178 1567 3240 aut
1611 3175 1838 3239 ceteris
1882 3173 2158 3239 fortuna

238 3277 375 3320 esse
421 3256 726 3322 diuturna
770 3283 976 3345 neque
1022 3262 1286 3327 haerere
1331 3263 1402 3326 in
1444 3265 1582 3327 tam
1624 3263 1800 3328 bona
1844 3284 2041 3328 causa
2090 3268 2161 3327 et

379 3445 481 3514 Ep.
522 3451 571 3511 5,
602 3453 648 3499 1.
721 3453 877 3514 sunt,
925 3467 1065 3519 quae
1098 3454 1314 3521 quidem
1351 3453 1501 3523 (W.).
1572 3459 1729 3519 sunu
1773 3470 1822 3523 q.
1859 3470 1907 3523 q.
1957 3454 2160 3526 vulgo,
