2338 3691
224 130 359 196 642
791 132 867 187 M.
906 109 1152 187 Tuan
1188 130 1571 187 clcERoms

225 277 562 362 mancipiis
617 276 788 361 quod
840 276 1003 342 mihi
1061 277 1409 361 polliceris,
1470 277 1656 341 valde
1708 279 1776 341 te
1840 298 2019 360 amc,
2078 282 2140 343 et

226 387 368 430 sum
414 365 734 450 equidem,
785 365 884 429 uti
931 365 1182 446 scribiS,
1229 370 1294 430 et
1337 364 1584 429 Romae
1631 367 1698 429 et
1742 366 1813 430 in
1858 366 2139 449 praediis

221 454 621 538 infrequenS,
675 453 785 518 sed
833 475 1013 534 cave,
1077 453 1336 538 amabo,
1399 453 1776 538 quidquam,
1832 454 2007 537 quod
2060 455 2139 518 ad

223 563 439 607 meum
483 542 891 607 commodum
937 542 1238 623 attineat,
1290 542 1419 606 nisi
1463 541 1744 606 maximo
1798 546 1915 606 tuo
1973 562 2139 607 com-

224 631 415 695 modo
462 633 528 695 et
571 631 852 695 maxima
893 634 1009 695 tua
1052 630 1381 713 facultate,
1425 630 1515 696 mi
1551 629 1772 712 frater,
1817 631 2136 716 cogitaris.

171 735 197 774 ⁵
223 717 323 783 De
369 719 643 803 epistola
688 718 966 803 Vatinii,
1009 719 1151 803 risi3
1207 718 1320 783 sed
1373 739 1476 782 me
1523 718 1605 783 ab
1661 740 1737 783 eo
1784 718 1879 782 ita
1925 719 2135 784 obser-

223 807 362 870 vari
415 807 575 890 scio,
637 811 712 871 ut
774 807 910 871 eius
962 808 1093 872 ista
1154 807 1305 873 odia
1358 828 1494 871 non
1558 807 1855 871 sorbeam
1914 808 2140 891 solum,

169 911 196 951 ο
225 894 335 959 sed
391 895 587 960 etiam
642 917 1056 980 concoquam.
1147 895 1334 973 Quod
1378 916 1481 960 me
1534 895 1843 978 hortariS,
1901 899 1979 959 ut
2031 897 2136 961 ab-

224 984 498 1068 solvam,
550 983 759 1049 habeo
807 984 1178 1049 absolutum
1232 1005 1455 1067 suave,
1512 984 1673 1047 mihi
1729 984 1987 1068 quidem
2039 986 2136 1049 uti

222 1072 501 1156 videtur,
547 1074 702 1148 ἔπος
754 1072 838 1137 ad
884 1070 1251 1156 Caesarem,
1306 1072 1417 1137 sed
1464 1093 1703 1155 quaero
1748 1073 2136 1156 locupletem

221 1160 654 1244 tabellarium,
697 1181 782 1225 ne
825 1160 862 1200 ²¹⁸
909 1161 1158 1225 accidat
1212 1161 1383 1245 quod
1428 1158 1759 1245 Erigonae
1802 1165 1981 1245 tuae,
2036 1163 2137 1226 cui

224 1249 345 1314 soli
399 1247 671 1315 Caesare
725 1249 1111 1333 imperatore
1163 1250 1289 1314 iter
1347 1269 1424 1314 ex
1477 1247 1690 1313 Gallia
1739 1251 1955 1313 tutum
2001 1271 2135 1314 non

169 1352 193 1393 ⁷
219 1338 365 1402 fuit.
436 1337 474 1377 ¹⁸²
501 1339 538 1377 *
565 1339 602 1377 *
648 1336 859 1418 Quid?
913 1338 969 1402 si
1015 1342 1421 1403 caementum
1463 1337 1711 1402 bonum
1754 1359 1890 1402 non
1932 1338 1978 1416 †
2022 1338 2134 1402 ha-

220 1426 466 1509 berem,
537 1426 871 1491 deturbem
941 1425 1347 1491 aedificium?
1420 1425 1592 1510 quod
1656 1425 1914 1510 quidem
1976 1427 2136 1491 mihi

222 1514 507 1597 quotidie
552 1514 762 1600 magis
805 1515 1044 1600 placet,
1102 1515 1173 1578 in
1218 1515 1568 1598 primisque
1622 1514 1892 1579 inferior
1934 1517 2133 1599 porti·

222 1623 334 1667 cus
379 1606 446 1667 et
489 1602 627 1667 eius
674 1603 1004 1668 conclavia
1045 1603 1215 1667 fiunt
1257 1607 1447 1668 recte.
1518 1602 1617 1667 De
1663 1602 1942 1686 Arcano,
1980 1601 2132 1668 Cae·

221 1691 384 1755 saris
439 1713 601 1776 opus
647 1693 747 1755 est
788 1692 892 1756 vel
936 1691 1254 1757 mehercle
1309 1692 1504 1756 etiam
1558 1691 1975 1777 elegantioris
2023 1693 2132 1757 ali-

221 1780 428 1862 cuius3
480 1779 798 1867 imagines
854 1781 1026 1844 enim
1080 1780 1242 1844 istae
1289 1783 1355 1844 et
1398 1781 1721 1864 palaestra
1777 1784 1843 1845 et
1887 1781 2134 1866 piscina

221 1870 287 1931 ct
329 1866 518 1933 Nilus
573 1869 926 1934 multorum
977 1868 1473 1934 Philotimorum
1526 1873 1654 1954 est,
1716 1892 1852 1935 non
1906 1870 2129 1956 Diphi-

217 1957 458 2038 lorum3
531 1955 642 2020 sed
705 1959 772 2021 et
831 1956 959 2041 ipsi
1022 1978 1098 2022 ea
1161 1958 1479 2022 adibimus
1545 1962 1611 2022 et
1671 1959 2005 2024 mittemus
2068 1963 2132 2023 et

163 2068 192 2109 s
220 2042 685 2108 mandabimus.
791 2044 892 2109 De
954 2042 1184 2111 Felicis
1255 2049 1645 2112 testamento
1713 2051 1853 2112 tum
1925 2048 2132 2134 magis

217 2132 261 2211 †
306 2151 598 2217 querere,
650 2132 707 2197 si
761 2133 954 2198 scias:
1010 2156 1171 2218 quas
1224 2135 1396 2199 enim
1448 2135 1706 2199 tabulas
1765 2157 1833 2201 se
1878 2137 2130 2221 putavit

220 2220 582 2307 obsignare,
624 2220 695 2285 in
740 2222 974 2306 quibus
1014 2224 1057 2302 †
1083 2223 1155 2287 in
1199 2223 1404 2288 unciis
1449 2222 1888 2289 firmissimum
1931 2228 2132 2307 tenes,

217 2329 322 2375 eas
380 2330 533 2375 vero
578 2346 667 2356 —
718 2311 940 2395 lapsus
1004 2314 1105 2375 est
1159 2333 1277 2395 per
1339 2332 1621 2376 errorem
1682 2315 1749 2377 et
1816 2334 2006 2378 suum
2067 2317 2133 2376 et

218 2396 478 2462 Sicurae
532 2398 700 2464 servi
743 2434 830 2446 -—
875 2420 1013 2464 non
1068 2398 1462 2484 obsignavit,
1516 2421 1676 2484 quas
1729 2402 1970 2486 noluit,
2025 2422 2131 2466 eas

355 2622 460 2693 Ep.
499 2631 548 2691 9,
577 2629 628 2678 4.
699 2626 996 2695 mancipiis
1029 2627 1175 2694 quod
1212 2626 1306 2692 (W
1310 2630 1361 2696 .).
1449 2642 1554 2690 m.,
1588 2643 1638 2695 q.
1674 2627 1864 2698 vulgo.
1918 2659 1993 2670 —
2046 2631 2133 2684 0⁰20-

214 2694 485 2763 frequens,
517 2696 612 2749 sed
645 2695 742 2764 (W
743 2697 795 2764 .).
866 2699 906 2750 i.
962 2695 1071 2751 Sed
1104 2697 1295 2766 vulgo.
1369 2701 1418 2751 5.
1485 2696 1719 2768 Vatinii,
1754 2699 1861 2753 risi
1896 2699 2011 2766 (Or.
2050 2701 2131 2769 1.).

227 2764 290 2819 V.
326 2781 374 2818 r.
420 2764 482 2819 B.
574 2771 624 2820 6.
677 2781 748 2819 ne
781 2769 814 2804 *
849 2767 1066 2832 accidat
1110 2767 1261 2835 (W.).
1351 2783 1421 2821 ne
1465 2769 1706 2836 accipiat
1750 2786 1797 2824 c.
1888 2772 2135 2840 accipiat

214 2834 386 2888 MRI.
457 2850 528 2888 rte
561 2835 614 2890 ei
645 2835 788 2890 idem
833 2836 947 2905 (vel
980 2854 1050 2893 ne
1083 2838 1226 2892 idem
1261 2838 1331 2907 ei)
1370 2838 1587 2893 accidat
1615 2839 1749 2909 (W.)
1778 2841 1880 2895 aut
1904 2857 1975 2895 ne
1999 2843 2055 2896 ei
2079 2859 2132 2896 a.

215 2905 363 2974 (W.).
453 2921 524 2959 ne
567 2922 617 2961 α.
665 2906 854 2977 vulgo.
949 2914 997 2963 7.
1051 2911 1089 2974 †
1124 2909 1396 2974 haberem,
1432 2910 1705 2964 deturbem
1741 2910 1960 2979 (MR1.‚
1997 2911 2132 2981 W.).

213 2976 477 3041 haberem,
511 2976 854 3031 detur-barem
890 2977 1024 3047 (W.)
1064 2982 1164 3033 aut
1198 2979 1443 3046 habeam,
1478 2980 1752 3035 deturbem
1786 2981 1890 3050 (L.,
1919 2982 2024 3052 Β.).
2062 3013 2134 3023 —

213 3046 466 3102 mehercle
502 3046 638 3115 (M).
708 3047 1001 3103 mehercule
1035 3049 1155 3113 RI.,
1193 3049 1383 3120 vulgo,
1456 3055 1505 3105 8.
1561 3054 1599 3117 †
1633 3068 1867 3120 querere,
1901 3054 1956 3107 si
1987 3054 2135 3108 seiae

217 3116 388 3184 (MR,
407 3117 538 3186 W.).
592 3133 827 3187 querere,
851 3119 904 3172 si
928 3120 1061 3174 scies
1081 3120 1213 3188 (W.)
1236 3124 1337 3175 aut
1361 3137 1605 3191 querare,
1623 3123 1676 3176 ei
1699 3123 1845 3177 scias
1868 3123 2011 3193 (ΜΞ,
2033 3124 2132 3192 Β.).

215 3216 283 3226 —-
327 3188 394 3241 in
435 3187 635 3256 quibus
679 3191 718 3255 †
750 3190 816 3243 iu
860 3190 1045 3244 unciis
1096 3191 1470 3258 firmissimum
1521 3197 1692 3257 tenes,
1745 3209 1838 3248 eas
1889 3210 2016 3250 vero
2061 3226 2135 3236 —

215 3254 406 3334 bap-sue
441 3262 519 3310 est
544 3274 652 3325 per
679 3297 692 3310 .
714 3297 728 3311 .
751 3300 765 3312 .
787 3300 800 3313 .
827 3261 972 3314 servi
997 3291 1066 3300 —
1093 3276 1208 3316 uon
1243 3262 1452 3330 (MEL,
1490 3263 1589 3318 sed
1626 3263 1832 3319 omisso
1860 3281 1970 3334 eas,
1997 3266 2131 3336 W.).

213 3338 278 3402 ιη
312 3339 360 3390 q.
396 3341 466 3391 ex
502 3326 632 3380 III
661 3329 846 3384 unciis
892 3329 1030 3398 (vel,
1077 3334 1143 3385 ut
1178 3331 1268 3388 Or.
1308 3333 1482 3403 conj.,
1518 3349 1586 3388 a
1619 3336 1887 3404 terunciu)
1930 3337 2132 3405 firmis-

213 3405 345 3443 ezme
393 3394 506 3458 (vel
537 3397 929 3467 firmissimum)
981 3401 1157 3457 locum
1201 3407 1372 3471 tenes,
1421 3420 1512 3459 eas
1546 3421 1671 3460 vero
1708 3436 1775 3446 --
1811 3407 1852 3461 1.
1889 3446 1904 3462 .
1926 3450 1940 3461 .
1975 3422 2020 3462 e.
2061 3438 2131 3448 —

214 3472 327 3511 non
363 3460 530 3530 (W.)?
600 3470 638 3533 †
663 3468 727 3522 in
761 3486 810 3538 q.
847 3471 912 3525 in
955 3488 1011 3527 u.
1047 3473 1090 3538 f.
1128 3478 1164 3526 t.
1202 3490 1326 3530 vero
1363 3476 1397 3530 l.
1435 3480 1535 3544 est,
1570 3492 1676 3544 per
1832 3492 1877 3533 e.
1912 3495 2028 3534 mm
2063 3479 2127 3532 B.
