2338 3691
264 110 396 175 402
833 112 907 166 Μ.
946 110 1194 167 TULLII
1231 111 1615 167 CICERONIS

263 260 340 322 ut
375 256 455 321 iis
491 278 633 322 mos
670 257 988 341 gerendus
1025 257 1127 341 sit,
1164 257 1396 340 quibus
1432 256 1832 323 adiutoribus
1870 258 1957 322 sit
1988 263 2183 342 parta

263 345 550 411 victoria.
639 344 957 447 Equidem
1012 345 1103 410 sic
1147 345 1280 410 iam
1326 344 1626 431 obdurui,
1679 348 1754 410 ut
1806 346 1976 412 ludis
2022 346 2181 412 Cae-

265 433 427 499 saris
472 434 680 498 nostri
724 435 940 500 animo
986 434 1372 518 aequissimo
1418 434 1702 500 viderem
1739 434 1811 500 T.
1847 434 2180 521 Plancum,

264 522 553 587 audirem
598 520 855 588 Laberii
908 527 974 588 et
1025 522 1288 588 Pubhlii
1322 528 1667 625 ‚poemata
1773 523 1957 589 Nihil
2018 525 2180 590 mihi

261 614 400 675 tam
463 611 680 675 deesse
745 612 906 678 scito
972 634 1165 696 quam
1230 612 1486 714 quicum
1548 612 1709 677 haec
1769 612 2179 679 familiariter

265 699 576 783 docteque
620 698 890 765 rideam.
944 701 1000 765 is
1054 704 1127 765 tu
1175 702 1327 786 6118,
1381 698 1436 766 81
1491 722 1685 784 quam
1738 701 2019 785 primum
2072 724 2177 766 ve-

262 788 462 871 neris3
517 788 690 872 quod
733 792 809 854 ut
850 789 1079 874 faciae,
1132 811 1270 854 non
1325 810 1469 855 mea
1523 790 1760 875 solum,
1814 790 1926 855 sed
1983 790 2179 856 etiam

262 878 377 941 tua
422 877 729 942 interesse
776 877 1070 943 arbitror.

1130 1071 1307 1137 XIX.

650 1182 765 1239 Scr.
803 1183 1017 1239 Romae
1054 1185 1156 1239 sub
1194 1184 1360 1240 finem
1398 1200 1447 1241 a.
1484 1200 1540 1241 ιι.
1576 1200 1624 1239 c.
1665 1191 1783 1240 708.

764 1306 1022 1363 CICERO
1061 1307 1477 1364 CORNIFICIO
1517 1306 1665 1363 SAL.

393 1408 843 1475 Libentissime
889 1408 1018 1495 legi
1062 1412 1211 1475 tuas
1255 1408 1524 1493 litterae,
1566 1408 1638 1472 in
1675 1408 1906 1493 quibus
1950 1408 2176 1475 iucun-

114 1571 128 1582 .
262 1497 595 1563 dissimum
648 1499 810 1565 mihi
860 1498 1014 1581 fuit,
1073 1497 1246 1581 quod
1299 1497 1575 1584 cognovi
1628 1518 1803 1562 meas
1856 1497 1978 1561 tibi
2032 1498 2174 1562 red-

260 1585 428 1651 ditas
473 1609 639 1672 esse3
684 1609 821 1653 non
865 1587 1038 1652 enim
1084 1586 1486 1670 dubitabam,
1541 1587 1697 1670 quin
1742 1607 1851 1651 eas
1896 1586 2177 1651 libenter

258 1674 540 1740 lecturus
604 1698 802 1760 esses,
864 1676 1158 1759 verebar,
1221 1678 1297 1739 ut
1356 1673 1791 1740 redderentur.
1897 1673 2174 1759 Bellum,

259 1764 432 1847 quod
477 1767 578 1829 est
619 1765 691 1829 in
737 1763 948 1849 Syria,
1002 1762 1379 1849 Syriamque
1431 1763 1831 1849 provinciam
1883 1763 2005 1828 tibi
2059 1766 2171 1828 tri·

257 1852 482 1917 butam
527 1875 665 1918 esse
711 1876 752 1918 a
796 1852 1066 1920 Caesare
1112 1875 1191 1919 ex
1234 1853 1364 1918 tuis
1407 1854 1639 1918 litteris
1676 1853 1978 1938 cognovi:
2027 1875 2169 1918 eam

259 1940 516 2022 quidem
576 1964 714 2007 rem
787 1943 908 2007 tibi
971 1943 1117 2008 volo
1191 1943 1354 2007 bene
1418 1945 1485 2007 et
1552 1941 1826 2006 feliciter
1888 1942 2170 2025 evenire3

257 2029 430 2111 quod
483 2030 577 2094 ita
637 2031 778 2096 fore
842 2031 1094 2097 confido
1148 2031 1355 2096 fretus
1410 2033 1477 2094 et
1518 2030 1839 2096 industria
1900 2034 1966 2094 et
2017 2052 2167 2115 pru-

258 2116 477 2182 dentia
519 2122 651 2184 tua.
743 2117 886 2204 Sed,
931 2119 1009 2184 de
1052 2119 1340 2184 Parthici
1387 2119 1541 2184 belli
1586 2119 1947 2203 suspicione
1995 2120 2168 2203 quod

258 2207 511 2292 scribis,
565 2228 721 2272 sane
783 2229 886 2272 me
941 2209 1313 2274 commovit:
1374 2209 1530 2290 quid
1587 2208 1916 2292 copiarum
1970 2208 2166 2273 habe-

253 2316 385 2379 res,
438 2317 637 2379 quum
689 2296 827 2381 ipse
873 2297 1242 2362 coniectura
1295 2296 1601 2384 consequi
1652 2300 1971 2382 poteram,
2024 2300 2168 2362 tum

255 2404 334 2447 ex
394 2385 524 2450 tuis
587 2386 818 2451 litteris
882 2386 1198 2472 cognovi:-
1248 2386 1465 2469 itaque
1528 2389 1713 2471 opto,
1775 2407 1858 2450 ne
1921 2406 1989 2450 se
2052 2386 2170 2451 illa

255 2492 417 2557 gens
462 2477 719 2540 moveat
761 2474 887 2540 hoc
929 2478 1238 2559 tempore,
1283 2474 1435 2539 dum
1480 2475 1561 2538 ad
1605 2477 1673 2539 te
1717 2475 2005 2560 legiones
2052 2495 2168 2541 636

253 2561 715 2663 perducantur,
776 2585 939 2648 quas
992 2564 1186 2628 audio
1249 2561 1420 2646 duci3
1484 2563 1655 2647 quod
1710 2563 1765 2628 si
1816 2584 2006 2648 pares
2061 2584 2168 2649 co·

253 2650 396 2734 pias
451 2651 534 2716 ad
588 2651 1065 2738 confligendum
1116 2673 1254 2718 non
1305 2651 1601 2735 habebis,
1658 2669 1794 2717 non
1845 2654 1910 2716 16
1953 2652 2171 2737 fugiet

254 2740 351 2804 uti
396 2742 665 2807 consilio
718 2739 807 2805 Μ.
851 2739 1098 2824 Bibuli,
1153 2740 1263 2824 qui
1317 2761 1384 2805 se
1438 2739 1676 2825 oppido
1729 2740 2170 2807 munitissimo

255 2830 322 2891 et
385 2829 828 2915 copiosissimo
888 2829 1137 2894 tamdiu
1208 2828 1445 2912 tenuit,
1517 2828 1822 2913 quamdiu
1883 2829 1956 2893 in
2017 2851 2169 2914 pro·

253 2917 465 2982 vincia
517 2917 744 2983 Parthi
795 2918 1076 2983 fuerunt.
1166 2915 1294 2983 Sed
1346 2916 1507 2982 haec
1558 2918 1787 2982 melius
1842 2938 1921 2982 ex
1972 2938 2043 2982 re
2101 2923 2170 2983 et

254 3025 333 3069 ex
383 3009 673 3091 tempore
736 3007 1113 3072 constitues:
1177 3006 1337 3071 mihi
1392 3005 1648 3089 quidem
1710 3027 1913 3090 usque
1972 3027 2168 3071 curae

256 3092 395 3177 erit,
439 3094 594 3178 quid
636 3115 823 3180 agaS,
867 3094 1046 3179 dum,
1091 3094 1245 3179 quid
1291 3094 1525 3180 egeris,
1572 3094 1790 3160 sciero.
1881 3092 2167 3160 Litteras

254 3282 349 3453 Μ’
385 3315 707 3456 333212:
540 3324 623 3388 18,
650 3326 700 3375 2.
759 3321 999 3377 Publilii
1026 3322 1107 3390 (B.
1136 3322 1311 3392 praef
1342 3322 1413 3377 ad
1440 3322 1610 3379 Attio
1637 3340 1788 3462 Em)
1722 3321 1891 3393 vm)
1967 3321 2166 3377 Publia·

253 3425 349 3508 M.
402 3471 521 3511 eam
553 3389 707 3513 remE
749 3399 888 3529 .,1Β9.
921 3400 999 3518 13.
1040 3410 1186 3520 elme
1201 3393 1788 3534 tzwigsmff.m
1654 3465 1710 3533 )?
