2338 3691
770 104 1288 161 EPISTOLARUM
1323 105 1468 161 VIII.
1508 112 1558 162 8.
1986 105 2118 170 239

192 251 379 334 illos,
443 250 553 334 qui
612 250 761 314 lites
825 250 1242 316 aestimarant
1293 250 1552 317 iudices.
1645 249 1856 327 Quum
1914 271 2119 336 aequo

194 361 472 405 numero
527 339 886 403 sententiae
940 339 1244 422 fuissent,
1302 337 1669 405 Laterensis
1713 341 1890 425 leges
1935 340 2120 425 igno-

197 450 365 494 rans·
403 427 876 512 pronuntiavit,
920 428 1073 512 quid
1121 428 1362 512 singuli
1408 428 1664 493 ordines
1709 429 2122 512 iudicassent,

198 521 271 582 et
316 516 399 581 ad
454 519 835 600 extremum,
887 521 963 580 ut
1019 518 1254 600 solent,
1317 530 1465 578 NON
1510 514 1852 579 REmbAM.
1936 516 2121 582 Post-

199 626 402 690 quam
465 604 758 671 discessit
801 607 895 669 =et
964 626 1083 689 pro
1152 605 1453 670 absoluto
1517 602 1824 669 Servilius
1896 605 2122 671 haberi

198 696 473 778 coeptus
537 696 636 758 est
696 693 985 778 legisque
1048 716 1253 760 unum
1317 696 1383 758 et
1445 696 1865 758 centesimum
1930 699 2124 779 caput

199 783 387 868 legit,
421 783 659 866 inquo
695 783 788 846 ita
816 785 980 847 erat:
1028 796 1222 856 Qvon
1268 794 1512 843 EORVM
1556 795 1856 843 1v1>1cvu
1900 797 2125 846 imon

200 882 384 931 PARS
430 883 817 950 ivchm‘r,
863 884 940 930 ιι)
985 883 1097 932 1vs
1143 882 1529 942 RATVMQVE
1573 880 1770 949 Es'm,
1815 869 1887 933 in
1939 872 2123 936 tabu-

200 959 305 1025 las
363 957 731 1023 absolutum
792 978 930 1024 non
990 957 1270 1041 rettulit,
1334 956 1634 1022 ordinum
1693 958 1931 1022 iudicia
1984 981 2123 1043 per·

204 1046 499 1130 scripsit3
569 1046 941 1131 postulante
1004 1067 1227 1110 rursus
1289 1044 1506 1129 Appio
1571 1067 1717 1110 cum
1780 1045 1852 1111 L.
1915 1046 2124 1114 Lollio

201 1135 532 1219 transegit
594 1138 659 1199 et
722 1156 789 1200 se
852 1135 1207 1200 relaturum
1271 1134 1448 1201 dixit.
1539 1131 1644 1199 Sic
1695 1156 1873 1200 nunc
1916 1157 2126 1220 neque

206 1222 548 1288 absolutus
601 1244 809 1308 neque
866 1222 1211 1288 damnatus
1257 1220 1564 1287 Servilius
1620 1222 1697 1287 de
1755 1225 2127 1307 repetundis

208 1312 471 1376 saucius
508 1311 681 1378 Pilio
727 1312 1045 1395 tradetur3
1096 1333 1253 1376 nam
1298 1311 1376 1375 de
1423 1311 1819 1376 divinatione
1859 1312 2130 1398 Appius,

208 1422 414 1484 quum
452 1400 841 1465 calumniam
877 1401 1173 1484 iurasset,
1210 1399 1596 1465 contendere
1638 1422 1833 1465 ausus
1869 1422 2004 1465 non
2033 1405 2133 1466 est

207 1489 507 1572 Pilioque
571 1489 788 1573 cessit,
851 1492 917 1554 et
969 1489 1106 1574 ipse
1172 1489 1250 1554 de
1312 1489 1602 1572 pecuniis
1665 1489 2037 1573 repetundis
2092 1513 2133 1554 a
2200 1520 2203 1521 ⁷

213 1576 504 1642 Serviliis
558 1581 659 1642 est
710 1577 1076 1662 postulatus
1136 1579 1204 1642 et
1255 1580 1587 1661 praeterea
1641 1577 1720 1643 de
1773 1578 1858 1655 vi,
1889 1600 2037 1643 reus
2093 1600 2133 1643 a

213 1664 500 1749 quodam
545 1688 661 1730 suo
717 1667 1074 1749 emissario,
1121 1664 1264 1731 Sex.
1319 1665 1561 1750 Tettio,
1614 1666 1843 1731 factus.
1933 1666 2131 1732 Recte

211 1755 341 1818 hoc
395 1775 514 1838 par
565 1754 782 1819 habet.
882 1753 1067 1830 Quod
1123 1753 1206 1818 ad
1267 1775 1406 1818 rem
1458 1755 1784 1839 publicam
1836 1757 2134 1841 pertinet,
2169 1769 2203 1817 4

217 1842 487 1909 omnino
516 1843 738 1908 multis
766 1842 990 1910 diebus
1031 1843 1508 1928 exspectatione
1536 1841 1890 1910 Galliarum
1917 1851 2135 1911 actum

215 1932 384 1997 nihil
431 1935 529 1997 est
538 1956 558 2016 3,
610 1933 957 2016 aliquando
1002 1935 1225 1998 tamen
1270 1953 1461 2016 saepe
1507 1954 1574 1997 re
1621 1934 1823 1998 dilata
1880 1938 1947 1998 et
1992 1956 2134 2020 gra-

216 2021 386 2086 viter
439 2024 584 2086 acta
638 2025 704 2086 et
755 2022 948 2105 plane
1002 2023 1341 2106 perspecta
1395 2018 1512 2087 On.
1564 2019 1854 2106 Pompeii
1912 2024 2134 2087 volun-

217 2113 357 2173 tate
394 2109 463 2173 in
497 2130 643 2175 eam
678 2113 948 2195 partem,
992 2113 1067 2174 ut
1103 2131 1250 2174 eum
1288 2109 1589 2175 decedere
1624 2114 1775 2194 post
1809 2110 2137 2175 Kalendas

217 2196 491 2263 Martias
529 2199 830 2283 placeret,
876 2201 1138 2268 senatus
1167 2199 1566 2282 consultum,
1612 2199 1784 2283 quod
1820 2199 1940 2264 tibi
1975 2200 2140 2284 misi,

217 2288 470 2351 factu-m
514 2291 614 2352 est
658 2288 1203 2371 auctoritatesque
1246 2288 1656 2370 perscriptae.

360 2373 422 2439 S.
468 2373 535 2441 O.
580 2372 1331 2454 AUCTORITATESQ.
1402 2374 1514 2439 Pr.
1555 2375 1718 2440 Kal.
1767 2373 2138 2442 Octobres
2177 2388 2208 2439 5

217 2466 304 2528 in
350 2464 532 2528 aede
575 2464 973 2549 Apollinis
1030 2464 1253 2529 scrib.
1312 2463 1716 2529 affuerunt
1768 2462 1841 2529 L.
1887 2465 2140 2531 Domi·

217 2553 383 2618 tius
442 2551 565 2619 On.
618 2553 665 2618 f.
723 2552 897 2618 Fab.
960 2552 1554 2638 Ahenobarbus,
1618 2553 1692 2629 Q.
1756 2550 2141 2618 Caecilius

220 2640 300 2717 Q.
337 2641 383 2705 f.
417 2640 592 2707 Fab.
639 2641 1010 2707 Metellus
1054 2641 1236 2707 Pius
1284 2638 1569 2726 Scipio,
1614 2641 1687 2707 L.
1733 2641 2023 2706 Villius
2069 2639 2142 2704 L.

218 2728 296 2794 F.
342 2725 539 2796 Pom.
585 2729 942 2815 Annalis,
997 2728 1066 2796 O.
1113 2729 1528 2813 Septimius
1577 2731 1647 2795 T.
1693 2731 1739 2795 f.
1795 2729 2143 2812 Quirina,

222 2816 295 2883 O.
341 2817 689 2884 Lucilius
746 2817 814 2885 O.
868 2820 913 2884 f.
965 2819 1146 2903 Pup.
1202 2816 1505 2903 Hirrus,
1544 2817 1628 2884 O.
1689 2817 2143 2884 Scribonius

222 2905 296 2972 O.
341 2906 387 2971 f.
431 2906 604 2992 Pop.
662 2906 919 2992 Curio,
973 2907 1045 2973 L.
1092 2906 1367 2971 Ateius
1422 2906 1494 2972 L.
1548 2908 1594 2972 f.
1649 2906 1783 2971 An.
1845 2905 2146 2991 CapitO,

220 2994 313 3060 M.
360 2995 655 3081 Eppius
702 2996 788 3060 M.
825 2997 871 3061 f.
917 2997 1077 3061 Ter.
1150 2995 1362 3072 Quod
1408 2994 1496 3061 M.
1542 2995 1954 3060 Marcellus
2001 3016 2146 3059 cos.

222 3107 285 3149 V.
329 3084 377 3149 f.
433 3084 519 3150 de
574 3086 1003 3169 provinciis
1060 3084 1632 3168 consularibuS,
1692 3083 1751 3147 d.
1797 3104 1850 3148 e.
1896 3106 1945 3149 r.
1989 3084 2032 3151 i.
2077 3104 2148 3166 c.,

223 3173 343 3237 uti
389 3172 462 3238 L.
505 3173 823 3239 Paullus
870 3171 938 3238 O.
984 3172 1400 3239 Marcellus
1457 3194 1671 3256 coss.,
1727 3193 1953 3255 quum
1998 3192 2147 3235 ma-

367 3310 474 3383 Ep.
512 3318 571 3378 s,
610 3316 659 3368 5.
734 3295 1433 3382 AVCTORITATESQ.
1485 3310 1635 3378 (W.).
1729 3313 2031 3365 auctoritas
2073 3305 2148 3361 Μ.

223 3381 283 3439 S.
328 3379 416 3448 0.,
463 3383 837 3440 Auctoritates
882 3383 1013 3452 (W.)
1028 3390 1052 3437 9
1144 3383 1203 3441 S.
1245 3383 1304 3438 0.
1349 3382 1723 3437 Auctoritates
1767 3379 1915 3434 Man.
1931 3420 1944 3445 ,
1982 3377 2043 3431 B.
2079 3401 2152 3416 --

225 3453 425 3510 Ateius
464 3454 612 3526 (W.).
686 3455 906 3510 Atteius
939 3454 1070 3509 ΜΒ.
