2338 3691
303 138 435 203 580
871 135 945 189 M.
985 133 1232 189 TULLII
1267 131 1657 189 CICERONIS

284 279 832 366 occupationibus
884 278 1015 345 tuis
1070 279 1285 346 minus
1331 280 1816 357 animadversa,
1868 296 2028 343 nunc
2063 294 2164 359 per·

305 370 478 454 spice
497 373 573 435 et
605 387 830 453 purga.
903 366 1065 453 Legi
1091 369 1451 452 epistolam,
1478 390 1682 453 quam
1720 369 1860 452 ipse
1896 364 2164 449 scripsisse
2247 357 2248 376 ¹

305 456 486 523 Sulla
529 457 972 522 nomenclator
1016 455 1225 521 dictus
1272 461 1387 539 est,
1432 478 1566 523 non
1615 453 2039 542 probandam,
2072 449 2164 535 legi

225 564 278 604 10
304 546 653 611 nonnullas
695 545 1054 610 iracundas.
1145 543 1290 610 Sed·
1321 550 1617 630 tempore
1672 545 1821 630 ipso
1869 544 1945 607 de
1985 540 2164 625 epistt»

302 634 411 717 lis3
455 655 628 718 nam,
674 656 871 718 quum
914 635 1084 699 hanc
1129 634 1438 719 paginam
1481 638 1799 718 tenerem,
1844 632 1916 697 L.
1944 628 2165 707 Flavius,

302 726 564 807 praetor
604 722 1007 808 designatus,
1051 722 1133 788 ad
1179 744 1281 788 me
1325 723 1529 807 venit,
1582 724 1789 789 homo
1836 720 1990 785 mihi
2028 714 2165 781 valde
2247 793 2248 802 ἵ

302 811 667 876 familiaris:
712 811 768 876 is
813 811 991 893 mihi,
1033 814 1101 875 te
1146 811 1228 876 ad
1259 815 1730 896 procuratores
1777 831 1930 875 suos
1970 807 2165 871 litteras
2247 837 2248 870 4

302 900 571 983 misisse,
615 920 778 983 quae
823 899 984 964 mihi
1028 900 1203 964 visae
1250 904 1404 964 sunt
1437 900 1907 984 iniquissimae,
1948 916 2023 960 ne
2053 889 2165 976 quid

305 987 382 1051 de
426 988 643 1071 bonis,
697 1008 859 1071 quae
904 986 977 1053 L.
1024 986 1274 1052 Octavii
1318 986 1601 1053 Nasonis
1646 988 1956 1069 fuissent,
1996 982 2084 1047 cui
2117 977 2163 1041 L

302 1074 563 1141 Flavius
596 1077 792 1141 heres
837 1079 964 1160 est,
1020 1076 1490 1160 deminuerent,
1536 1080 1892 1162 antequam
1935 1070 1998 1138 O.
2037 1068 2165 1133 Fun·

303 1163 496 1231 danio
516 1165 864 1249 pecuniam
898 1164 1262 1249 solvissent,
1296 1164 1577 1249 itemque
1618 1165 1876 1230 misisse
1912 1160 1991 1226 ad
2014 1154 2165 1242 Apol·

301 1253 697 1339 Ionidenses,
748 1275 830 1318 ne
876 1252 954 1319 de
1001 1253 1217 1337 bonis,
1265 1275 1428 1337 quae
1471 1252 1731 1319 Octavii
1776 1251 2055 1330 fuissent,
2091 1243 2164 1307 de-

302 1341 508 1407 minui
577 1345 978 1426 paterentur,
1057 1342 1432 1426 priusquam
1503 1341 1852 1408 Fundanio
1930 1335 2164 1403 debitum

303 1432 590 1496 solutum
634 1433 820 1496 esset.
908 1429 1088 1495 Haec
1132 1430 1293 1495 mihi
1337 1431 1472 1495 veri
1526 1432 1767 1497 similia
1820 1449 1954 1495 non
1994 1422 2162 1490 viden·

301 1520 434 1601 tur3
489 1521 641 1584 sunt
686 1519 857 1584 enim
901 1540 942 1583 a
985 1518 1329 1603 prudentia
1372 1523 1488 1584 tua
1538 1519 1984 1586 remotissima.
2061 1505 2161 1594 „Ne

304 1606 636 1672 deminuat
677 1604 943 1672 heresw?
1032 1606 1220 1691 Quid,
1259 1610 1319 1673 si
1362 1608 1725 1673 infitiatur?
1773 1606 1943 1694 quid,
1984 1602 2033 1666 si
2064 1616 2160 1663 om·

301 1695 458 1761 nino
504 1717 640 1761 non
685 1694 916 1760 debet?
979 1694 1177 1779 quid?
1240 1700 1499 1780 praetor
1552 1698 1720 1762 solet
1772 1695 2040 1761 iudicare
2084 1684 2158 1747 d&

300 1783 482 1848 beri?
528 1782 729 1869 quid?
775 1803 896 1869 ego
941 1782 1282 1850 Fundanio
1327 1807 1463 1851 non
1508 1786 1743 1870 cupio?
1789 1804 1925 1850 non
1966 1775 2159 1843 amicus

303 1871 488 1935 sum?
541 1894 677 1937 non
721 1872 1157 1938 misericordia
1209 1872 1515 1940 moveor?
1568 1896 1762 1940 nemo
1809 1870 2031 1956 magis3
2076 1858 2157 1926 sed

301 1959 397 2023 vis
443 1960 601 2023 iuris
647 1960 958 2025 eiusmodi
1003 1964 1104 2025 est
1139 1962 1522 2046 quibusdam
1564 1962 1636 2027 in
1681 1964 1892 2045 rebuS,
1934 1959 2004 2022 ut
2033 1946 2158 2017 nihll

301 2047 386 2110 sit
447 2048 571 2112 loci
634 2047 898 2132 gratiae.
986 2046 1203 2132 Atque
1264 2051 1359 2114 ita
1420 2050 1579 2115 mihi
1633 2051 1890 2117 dicebat
1944 2038 2156 2110 Flavius

301 2135 611 2220 seriptum
662 2136 734 2200 in
779 2157 856 2200 ea
910 2137 1209 2221 epistola,
1264 2160 1457 2222 quam
1509 2142 1690 2204 tuam
1743 2159 1884 2205 esse
1936 2126 2157 2221 dicebas}

299 2227 364 2287 te
410 2228 524 2290 aut
568 2224 752 2310 quasi
798 2225 1018 2290 amicis
1061 2226 1192 2290 tuis
1240 2228 1481 2312 gratias
1527 2231 1823 2293 acturum
1866 2226 1975 2290 aut
2013 2231 2156 2302 quam

221 2329 272 2368 ιι
299 2313 576 2378 inimicis
601 2314 1244 2379 incommodatumm.
1307 2314 1471 2391 Quid
1499 2317 1748 2381 multa?
1787 2311 2024 2381 ferebat
2045 2321 2155 2389 gra·

299 2401 463 2465 viter
490 2402 533 2481 †
558 2401 626 2465 id
668 2402 1081 2467 vehementer
1123 2424 1373 2468 mecum
1417 2406 1803 2488 querebatur
1839 2398 2157 2489 orabatque,

297 2490 374 2552 ut
418 2488 499 2552 ad
544 2492 610 2552 te
656 2510 849 2573 quam
886 2490 1376 2576 diligentissime
1414 2493 1782 2558 scriberem:
1828 2486 1991 2578 quod
2020 2482 2153 2548 f201⁰

297 2579 365 2641 et
407 2580 472 2640 te
518 2598 782 2661 prorsus
827 2578 1237 2644 vehementer
1291 2581 1485 2645 etiam
1540 2584 1731 2666 atque
1785 2583 1974 2647 etiam
2013 2585 2155 2653 rogo,

296 2669 372 2728 ut
416 2667 482 2730 et
524 2668 1047 2749 procuratoribus
1082 2667 1291 2733 Flavii
1327 2670 1617 2735 remittas
1654 2669 1730 2734 de
1775 2653 2151 2735 deminuendo

295 2757 364 2817 et
390 2752 1005 2838 Apollonidensibus
1044 2777 1124 2820 ne
1163 2756 1315 2840 quid
1351 2759 1727 2842 perscribas,
1771 2756 1937 2842 quod
1970 2748 2153 2817 contra

294 2839 592 2908 Flavium
655 2844 781 2926 sit,·
829 2843 1128 2928 amplius:
1194 2846 1260 2908 et
1320 2843 1528 2911 Flavii
1590 2868 1784 2911 causa
1845 2850 1910 2910 et
1957 2829 2152 2906 scilicet

293 2928 586 3015 Pompeii
628 2931 826 2995 facies
873 2932 1106 2996 omnia.
1195 2930 1367 2997 Nolo
1422 2934 1670 2999 medius
1721 2934 1909 2999 fidius
1962 2948 2030 2994 ex
2064 2926 2151 2986 {71²⁸
2247 2980 2248 2983 η

292 3017 531 3084 iniuria
592 3019 664 3085 in
724 3019 909 3084 illum
960 3019 1081 3084 tibi
1135 3019 1464 3085 liberalem
1518 3044 1620 3086 me
1683 3022 1908 3107 videri,
1965 3012 2060 3082 sed
2103 3009 2150 3069 ¹³⁰
2247 3050 2248 3053 ¹

435 3192 538 3262 Ep.
576 3199 626 3259 2,
656 3199 706 3248 9.
777 3192 917 3262 Leyi
968 3195 1085 3262 ipse
1137 3196 1420 3264 epistolam
1428 3236 1459 3263 ,.
1498 3213 1664 3267 quam
1706 3198 1973 3267 scripsisse
2018 3182 2148 3257 (W·)?

293 3259 361 3313 L.
401 3278 461 3324 a,
498 3278 546 3331 q.
574 3278 678 3317 scr.
719 3263 1061 3332 (Kayser.)??
1138 3271 1220 3319 10.
1257 3267 1782 3323 incommodatumwm
1818 3270 1902 3336 (c.,
1928 3256 2144 3334 Pit-1²¹²·43v

293 3329 511 3397 Begg).
599 3333 940 3390 incommoda
993 3336 1236 3390 laturum
1288 3338 1466 3402 MRI,
1501 3338 1563 3392 B.
1660 3345 1741 3394 11.
1793 3332 2076 3416 yraviterff
2102 3317 2147 3376 ‘d

292 3398 617 3535 ξῖιῖἑενὶιεᾮῧίξν
671 3403 898 3472 (Mlti).
986 3421 1069 3475 qr.
1116 3412 1169 3461 et
1210 3408 1336 3496 vela·
1379 3408 1545 3477 (Ern.,
1581 3409 1667 3478 B.)
1712 3412 1811 3465 aut
1852 3426 1961 3480 ρης
2006 3404 2149 3468 W
