2338 3691
721 79 1242 138 EPISTOLARUM
1276 83 1397 137 ΧΠ.
1441 89 1522 137 13.
1563 88 1646 137 14.
2013 79 2140 143 391

220 216 515 293 triticum
579 226 750 312 apud
813 227 1221 293 Dolabellam
1277 231 1399 292 est:
1462 228 1590 292 nisi
1655 228 1808 312 quid
1868 226 2142 290 navibus

222 304 739 382 Laodicenorum
785 317 1202 402 supportarit,
1246 318 1371 383 cito
1418 317 1590 381 fame
1626 319 1849 400 pereat
1883 336 2143 380 necesse

224 409 356 489 est3
410 427 492 470 ne
557 409 936 491 supportare
1001 405 1234 491 possit,
1298 409 1364 470 et
1426 403 1632 471 Cassii
1695 405 1918 470 elassis
1979 404 2143 468 bene

224 515 497 580 magna,
552 495 655 559 cui
709 499 965 579 praeest
1011 493 1312 560 Sextilius
1357 494 1594 580 Rufus,
1652 498 1718 560 et
1743 497 1921 579 ⁴treS,
1983 515 2143 578 quas

176 612 184 618 ·
223 605 351 648 nos
389 583 788 670 adduximuS,
826 605 966 670 ego,
1003 584 1348 669 Turullius,
1381 583 1693 667 PatiscuS,
1736 583 1925 648 facile
1962 603 2144 666 prae-

226 672 518 737 stabunt.
621 671 712 737 Te
756 674 905 739 volo
959 673 1124 739 bene
1181 695 1437 758 sperare
1494 677 1559 737 et
1610 695 1749 737 rem
1800 671 2145 756 publicam,

223 763 306 824 ut
349 784 466 826 vos
508 758 665 826 'istic
720 762 1093 847 expedistis,
1144 763 1239 827 ita
1283 785 1412 847 pro
1467 765 1695 827 nostra
1746 763 1930 846 parte
1986 761 2143 825 cele-

222 849 388 913 riter
431 871 475 914 a
527 850 716 916 nobis
771 851 1054 936 expediri
1106 873 1298 936 posse
1358 852 1694 916 confidere.
1792 848 1974 915 Vale.
2029 847 2144 915 χ1).

219 937 393 1003 Idib.
439 938 582 1004 Iun.
630 936 862 1025 Cypro,
908 963 946 1005 a
993 937 1569 1025 Crommyoacride.

1094 1136 1272 1201 XIV.

499 1246 613 1302 Sor.
652 1247 865 1318 Pergae
901 1247 996 1302 IV.
1033 1248 1226 1303 Nonas
1263 1249 1450 1303 Iunias
1487 1265 1537 1302 a.
1580 1265 1630 1302 u.
1668 1264 1717 1303 c.
1757 1252 1876 1302 711.
1907 1307 1910 1309 .

569 1369 954 1426 LENTULUS
993 1344 1334 1427 oioERom
1374 1362 1509 1427 suo
1549 1372 1602 1427 s.
1640 1372 1701 1426 P.
1738 1371 1803 1426 D.

366 1468 578 1545 Quum
604 1469 880 1536 Brutum
915 1475 1211 1537 nostrum
1238 1473 1679 1538 convenissem
1715 1492 1988 1556 eumque
2014 1473 2142 1534 tar-
2183 1478 2213 1529 1

228 1558 377 1623 dius
421 1559 492 1622 in
536 1557 762 1624 Asiam
796 1564 1143 1626 venturum
1185 1562 1777 1645 animadverterem,
1820 1561 1892 1624 in
1918 1560 2145 1624 Asiam

227 1647 420 1732 redii,
473 1651 548 1712 ut
591 1649 894 1733 reliquias
948 1651 1076 1714 mei
1129 1651 1368 1735 laboris
1423 1651 1792 1737 colligerem
1846 1653 1914 1715 et
1955 1669 2143 1733 pecu·
2201 1684 2209 1691 ,

230 1735 412 1800 niam
483 1758 676 1820 quam
739 1738 1019 1822 primum
1089 1738 1365 1805 Romam
1436 1740 1775 1804 mitterem.
1873 1736 2144 1802 Interim

231 1826 511 1910 cognovi
555 1824 626 1891 in
671 1825 868 1913 Lycia
913 1849 1051 1893 esse
1098 1829 1368 1894 classem
1410 1827 1785 1895 Dolabellae
1841 1826 2143 1913 amplius-

232 1936 359 1997 que
406 1919 665 1980 oentum
709 1938 907 1981 naves
954 1918 1300 2001 onerarias,
1342 1918 1414 1982 in
1451 1939 1609 2002 quas
1647 1917 1961 1981 exercitus
2006 1916 2142 1981 eius

230 2003 483 2087 imponi
526 2009 766 2088 posset,
808 2005 1000 2090 idque
1043 2004 1450 2071 Dolabellam
1505 2028 1582 2070 ea
1625 2010 1841 2070 mente
1887 2027 2142 2090 compa-

231 2113 431 2175 rasse,
474 2095 565 2180 ut,
611 2094 665 2158 si
712 2092 932 2178 Syriae
988 2115 1134 2179 spes
1190 2116 1358 2159 eum.
1378 2095 1698 2159 frustrata
1746 2098 1940 2178 esset,
1994 2116 2142 2176 con-

232 2180 570 2245 scenderet
629 2183 700 2247 in
762 2205 960 2248 naves
1016 2187 1082 2248 et
1132 2183 1389 2248 Italiam
1440 2187 1690 2268 peteret
1742 2204 1934 2267 seque
1998 2203 2145 2247 cum

232 2269 543 2335 Antoniis
599 2275 665 2335 et
717 2272 980 2355 reliquis
1032 2272 1395 2338 latronibus
1452 2273 1899 2357 coniungeret:
1963 2271 2145 2336 cuius

233 2358 329 2422 rei
374 2361 559 2424 tanto
605 2360 676 2424 in
720 2360 951 2425 timore
1004 2360 1127 2445 fui,
1179 2364 1254 2425 ut
1308 2361 1606 2426 omnibus
1659 2361 1850 2426 rebus
1905 2359 2143 2425 relictis

234 2468 384 2511 cum
427 2448 838 2531 paucioribus
893 2452 960 2513 et
1003 2449 1359 2515 minoribus
1404 2450 1678 2515 navibus
1734 2450 1816 2513 ad
1859 2450 2006 2513 illas
2050 2449 2143 2513 ire

237 2539 510 2600 conatus
549 2537 705 2602 sim.
797 2536 973 2614 Quae
1027 2560 1157 2622 res,
1212 2539 1268 2603 si
1322 2560 1362 2602 a
1413 2538 1685 2604 Rhodiis
1748 2543 1901 2603 non'
1938 2559 2144 2602 essem
2181 2546 2215 2595 2

237 2624 710 2711 interpellatuS,
781 2626 1055 2692 fortasse
1118 2630 1261 2692 tota
1332 2627 1587 2693 sublata
1659 2629 1854 2712 esset,
1926 2629 2146 2690 tamen

237 2733 479 2797 magna
542 2735 619 2778 ex
681 2719 864 2799 parte
926 2715 1273 2801 profligata
1330 2718 1454 2800 est,
1518 2715 1823 2800 quoniam
1887 2715 2145 2799 quidem

236 2802 461 2867 classis
506 2802 817 2888 dissipata
861 2807 961 2868 est
1005 2804 1318 2870 adventus
1363 2804 1571 2870 nostri
1615 2804 1864 2888 timore,
1907 2804 2145 2868 milites

235 2890 555 2975 ducesque
611 2892 999 2978 effugerunt,
1053 2894 1385 2958 onerariae
1440 2915 1664 2959 omnes
1719 2892 1800 2958 ad
1854 2914 2053 2957 unam
2105 2914 2146 2955 a

234 2979 428 3044 nobis
475 2984 628 3046 sunt
673 2985 990 3066 exceptae.
1081 2978 1269 3046 Certe
1298 3018 1381 3028 --
1421 2982 1594 3065 quod
1638 2981 1912 3045 maxime
1957 2980 2146 3046 timui

214 3104 322 3132 ,—-
371 3068 591 3133 videor
635 3091 773 3134 esse
819 3074 1218 3155 consecutus,
1260 3074 1335 3135 ut
1377 3092 1514 3135 non
1557 3070 1765 3154 possit
1807 3069 2148 3135 Dolabella

233 3157 307 3221 in
352 3156 610 3221 Italiam
653 3158 988 3243 pervenire
1034 3180 1153 3223 nec
1200 3159 1333 3223 suis
1380 3159 1569 3224 sociis
1613 3158 1887 3222 firmatis
1925 3159 2146 3224 durius

378 3366 482 3438 Ep.
513 3374 597 3436 13,
625 3374 676 3423 4.
731 3387 769 3423 a
806 3368 1276 3439 Crommyoacride
1312 3367 1407 3438 (W
1411 3369 1460 3437 .).
1534 3366 2032 3438 aeromamyacride
2066 3365 2145 3419 M.

234 3455 275 3494 a
311 3437 786 3510 Crommyuacride
821 3440 1011 3513 vulgo.
