2338 3691
127 361 159 410 ὅ

133 3025 165 3076 1

201 106 327 169 146
762 106 836 161 Μ.
877 105 1125 161 TULLII
1162 104 1545 162 CICERONIS

194 253 299 318 his
351 252 625 317 miseriis
680 254 872 335 atque
929 273 1007 315 ex
1058 252 1464 336 iniquissima
1508 253 1883 317 condicione
1937 253 2117 317 vitae

196 342 535 408 videretur.
626 339 854 425 Quare,
899 340 955 405 si
998 341 1120 406 tibi
1163 362 1368 405 unum
1411 341 1537 406 hoc
1579 342 1836 406 detrahi
1877 345 2116 426 potest,

195 452 278 495 ne
317 430 471 514 quid
505 430 604 514 iis,
649 450 811 513 quos
849 430 1098 514 amasti,
1135 430 1298 494 *mali
1333 432 1521 514 putes
1559 432 1925 516 contigisse,
1968 452 2111 515 per-

195 521 472 584 multum
501 518 623 582 erit
658 540 735 582 ex
761 540 1050 583 maerore
1085 521 1202 584 tuo
1241 519 1669 603 deminutum3
1713 520 2118 604 relinquetur

197 608 374 673 enim‘
416 608 686 692 simplex
741 608 855 671 illa
907 607 1039 671 iam
1093 629 1248 672 cura
1292 607 1532 673 doloris
1587 609 1712 693 tui,
1767 630 1930 693 quae
1975 630 2116 674 non

197 718 344 762 cum
385 697 514 762 illis
560 696 1156 781 communicabitur,
1201 696 1315 763 sed
1359 696 1443 761 ad
1485 701 1552 761 te
1595 698 1810 781 ipsum
1853 699 2120 782 proprie

194 785 533 870 referetur,
578 785 649 850 in
696 807 822 870 qua
864 806 1002 851 non
1047 788 1147 850 est
1189 785 1323 850 iam
1367 786 1705 871 gravitatis
1751 790 1819 850 et
1862 788 2116 871 sapien·

195 876 324 942 tiae
369 879 547 960 tuae,
606 897 801 959 quam
861 877 937 940 tu
990 896 1031 939 a
1072 895 1276 960 puero
1322 875 1729 960 praestitisti,
1780 875 1949 940 ferre
1999 876 2116 940 im-

196 965 588 1030 moderatius
644 986 865 1029 casum
908 963 1465 1029 incommodorum
1520 966 1807 1049 tuorum,
1870 965 1982 1049 qui
2032 965 2122 1028 sit

197 1055 279 1119 ab
309 1076 550 1138 eorum,
586 1074 748 1137 quos
785 1051 1098 1137 dilexeris,
1131 1053 1392 1117 miseria
1430 1054 1727 1137 maloque
1758 1054 2120 1137 seiunctus3

198 1143 438 1208 etenim
474 1165 621 1210 eum
651 1163 903 1226 semper
928 1145 994 1207 te
1031 1144 1097 1206 et
1131 1142 1401 1225 privatis
1428 1142 1499 1205 in
1524 1143 1717 1207 rebus
1745 1146 1811 1206 et
1835 1142 2119 1227 publicis

195 1232 603 1320 praestitisti,
659 1230 903 1297 tuenda
945 1231 1067 1295 tibi
1110 1234 1187 1295 ut
1232 1231 1320 1295 sit
1362 1232 1647 1315 gravitas
1702 1235 1776 1296 et
1811 1235 2117 1297 constan·

195 1323 325 1387 tiae
372 1320 809 1405 serviendum3
861 1342 1013 1385 nam
1024 1370 1041 1404 ,
1097 1320 1270 1403 quod
1315 1321 1592 1385 allatura
1636 1324 1735 1385 est
1786 1321 1930 1404 ipsa
1975 1320 2119 1385 diu·

196 1412 505 1497 turnitas,
558 1433 722 1513 quae
776 1409 1089 1475 maximos
1145 1410 1361 1474 luctus
1413 1412 1738 1474 vetustate
1793 1410 1995 1493 tollit,
2050 1409 2119 1474 id

195 1522 318 1566 nos
363 1501 730 1586 praecipere
787 1498 1056 1565 consilio
1110 1498 1580 1590 prudentiaque
1635 1499 1965 1601 debemus3
2023 1502 2117 1563 et-

199 1591 391 1673 enim,
436 1590 492 1654 si
535 1589 717 1653 nulla
758 1588 886 1652 fuit
929 1608 1236 1672 umquam
1279 1588 1498 1652 liberis
1536 1588 1787 1653 amissis
1820 1590 1959 1651 tam
1996 1588 2118 1652 im·

196 1641 428 1743 becill'o
474 1678 706 1743 mulier
750 1678 995 1761 anim0,
1053 1699 1218 1761 quae
1264 1697 1400 1741 non
1454 1676 1799 1761 aliquando
1845 1677 2118 1761 lugendi

196 1767 463 1832 modum
514 1765 765 1850 fecerit,
819 1768 989 1831 certe
1044 1787 1193 1851 nos,
1249 1765 1420 1851 quod
1475 1770 1575 1830 est
1628 1765 1764 1831 dies
1819 1766 2119 1850 allatura,

197 1856 267 1921 id
302 1855 572 1922 consilio
611 1854 931 1920 anteferre
966 1854 1273 1920 debemus
1313 1876 1522 1939 neque
1550 1858 1926 1941 exspectare·
1952 1860 2118 1921 tem-

200 1946 376 2031 poris
422 1943 830 2029 medicinam,
885 1965 1080 2028 quam
1129 1947 1615 2030 repraesentare
1659 1945 1909 2010 ratione
1964 1966 2118 2028 pos·
2192 1999 2196 2003 .

200 2035 418 2099 simus.
505 2032 629 2098 His
674 2052 796 2119 ego
840 2034 1073 2098 litteris
1119 2034 1178 2098 si
1221 2034 1376 2117 quid
1419 2033 1852 2118 profecissem,
1897 2033 2119 2098 existi-

200 2124 461 2188 mabam
505 2123 863 2207 optandum
909 2121 1213 2207 quiddam
1249 2145 1352 2187 me
1398 2143 1537 2187 esse
1583 2126 1965 2206 assecutum,
2012 2124 2119 2188 sin

90 2230 93 2233 ’
198 2213 415 2278 minus
457 2211 627 2276 forte
672 2212 1053 2296 valuissent,
1106 2211 1322 2277 officio
1366 2214 1587 2276 tamen
1632 2233 1769 2277 esse
1814 2212 2117 2276 functum

199 2301 322 2366 viri
382 2301 974 2366 benevolentissimi
1034 2303 1229 2385 atque
1293 2301 1693 2386 amicissimi3
1755 2322 1946 2385 quem
2010 2322 2116 2365 me

198 2390 322 2455 tibi
385 2394 451 2454 et
460 2390 708 2545 111{ulisse
774 2410 1025 2474 semper
1078 2389 1403 2455 existimes
1455 2391 1649 2456 velim
1703 2393 1771 2456 et
1820 2391 2120 2457 futurum

200 2501 339 2545 esse
384 2501 459 2546 co
597 2500 690 2545 as.

1048 2671 1261 2738 XVII.

290 2784 407 2845 Scr.
444 2787 656 2844 Romae
695 2786 888 2843 eodem
924 2786 1041 2842 fere
1078 2790 1349 2857 tempore,
1388 2805 1498 2855 quo
1536 2806 1621 2858 ep.
1665 2796 1730 2844 18
1769 2791 1837 2856 (a.
1881 2794 2026 2861 702).

581 2911 658 2967 M,
697 2910 954 2967 CICERO
994 2912 1046 2968 S.
1085 2911 1151 2968 D.
1189 2912 1251 2967 P.
1291 2911 1529 2968 SITTIO
1566 2914 1627 2968 P.
1665 2914 1726 2968 F.

331 3011 488 3079 Non
550 3011 872 3079 oblivione
932 3014 1250 3079 amicitiae
1312 3017 1574 3080 nostrae
1645 3036 1853 3101 neque
1913 3017 2105 3081 intei-

200 3100 506 3166 missione
551 3101 1034 3168 consuetudinis
1087 3125 1268 3168 meae
1328 3104 1761 3188 superioribus
1805 3107 2104 3191 tempori·

200 3187 325 3253 bus
370 3188 453 3252 ad
496 3192 562 3252 te
596 3191 810 3254 nullas
844 3192 1094 3257 litteras
1130 3193 1296 3276 misi,
1340 3193 1451 3258 sed
1492 3192 1665 3279 quod
1699 3196 1915 3280 priora
1950 3199 2116 3260 tem-

201 3296 364 3361 pora
422 3275 495 3339 in
555 3276 760 3340 ruinis
822 3279 916 3342 rei
977 3280 1272 3364 publicae
1335 3283 1698 3368 nostrisque
1756 3285 2114 3372 iacuerunt,

343 3462 448 3533 Ep.
489 3470 571 3531 16,
602 3469 649 3517 6.
723 3468 1159 3561 απιεΐεννεχζΜ..)
1233 3477 1359 3528 ante
1390 3474 1533 3540 ferre
1568 3476 1628 3530 Β.
