2338 3691
811 129 1331 185 EPISTOLARUM
1369 130 1458 185 111.
1495 136 1545 186 8.
2058 129 2139 193 77

245 273 443 338 fuisse.
530 273 677 340 Hos
723 296 844 361 ego
891 297 1244 360 sermones,
1299 274 1472 360 quod
1526 278 1593 340 et
1635 275 1826 340 multi
1879 278 2033 340 sunt
2077 279 2144 340 et

243 364 408 427 tuam
451 363 1011 448 existimationem,
1053 367 1129 428 ut
1174 385 1297 449 ego
1343 364 1572 448 sentio,
1615 385 1752 429 non
1789 364 2142 447 offendunt,

242 451 519 516 lacessivi
562 474 940 537 numquam,
985 453 1096 516 sed
1131 474 1269 517 non
1305 452 1491 517 valde
1527 453 1820 538 repressi.
1893 450 1959 518 Si
1999 454 2142 537 quis

242 543 345 623 est,
388 541 498 624 qui
542 542 874 606 neminem
915 541 1091 606 bona
1123 541 1251 606 fide
1286 541 1358 605 in
1394 540 1671 627 gratiam
1714 544 1902 626 putet
1934 542 2141 606 redire

242 650 433 713 posse,
477 651 619 695 non
662 634 957 695 nostram
1000 630 1057 694 is
1101 629 1436 714 perfidiam
1472 631 1783 716 coarguit,
1828 631 1940 695 sed
1975 631 2142 695 indi-

243 721 336 781 cat
377 740 590 803 suam,
649 719 963 803 simulque
1019 740 1154 783 non
1209 719 1287 783 de
1339 740 1441 783 me
1486 718 1544 783 is
1586 719 1770 803 peius
1824 741 2019 803 quam
2064 719 2143 784 de

241 809 297 870 te
339 807 694 891 existimat3
739 808 841 872 sin
884 810 1104 872 autem
1148 828 1339 891 quem
1382 829 1528 872 mea
1561 808 1862 872 instituta
1894 809 1965 872 in
2000 830 2143 893 pro·

240 895 437 960 vincia
480 918 627 961 non
672 895 996 961 delectant
1040 898 1106 960 et
1150 895 1429 980 quadam
1484 896 2002 961 dissimilitudine
2046 897 2143 960 in-

242 984 610 1050 stitutorum
654 1006 945 1050 meorum
983 1005 1058 1049 ac
1094 987 1354 1050 tuorum
1387 985 1557 1050 laedi
1594 1006 1662 1050 se
1697 988 1901 1070 putat,
1946 1007 2144 1069 quum

240 1075 493 1158 uterque
541 1076 842 1139 nostrum
885 1077 1059 1138 recte
1102 1073 1354 1157 fecerit,
1407 1073 1518 1138 sed
1572 1095 1708 1139 non
1761 1074 1930 1139 idem
1973 1077 2143 1139 uter·

242 1181 352 1245 que
386 1167 650 1228 secutus
687 1163 788 1247 sit,
831 1162 1006 1227 hunc
1043 1183 1164 1247 ego
1211 1163 1488 1227 amicum
1521 1162 1758 1226 habere
1795 1184 1931 1227 non
1971 1184 2143 1228 curo.

241 1250 613 1316 Liberalitas
675 1254 817 1334 tua,
880 1254 955 1316 ut
1005 1251 1288 1316 hominis
1343 1251 1753 1334 nobilissimi,
1815 1252 2009 1316 latius
2072 1252 2143 1315 in
2182 1267 2215 1318 8

244 1340 565 1423 provincia
612 1339 851 1424 patuit:
894 1342 1120 1406 nostra
1164 1340 1221 1404 si
1266 1340 1603 1425 angustior
1638 1344 1727 1404 est
1770 1375 1854 1385 —
1901 1340 2023 1403 etsi
2067 1339 2145 1404 de

241 1430 343 1491 tua
367 1429 625 1513 prolixa
659 1429 1070 1513 beneficaque
1106 1431 1343 1493 natura
1376 1428 1628 1493 limavit
1665 1427 1906 1511 aliquid
1933 1431 2144 1512 poste-

243 1516 360 1581 rior
387 1540 603 1582 annus
633 1514 895 1602 propter
932 1518 1258 1602 quandam
1283 1517 1615 1582 tristitiam
1649 1519 2013 1600 temporum
2042 1553 2146 1599 —,

245 1626 366 1670 non
408 1607 655 1672 debent
698 1606 918 1671 mirari
960 1606 1257 1672 homines
1265 1657 1283 1690 ,
1338 1628 1536 1690 quum
1591 1608 1659 1670 et
1701 1609 1938 1669 natura
1983 1626 2144 1670 sem·

246 1715 346 1776 per
395 1697 478 1760 ad
524 1695 935 1780 largiendum
988 1717 1065 1759 ex
1118 1696 1331 1759 alieno
1383 1694 1616 1759 fuerim
1668 1694 2026 1760 restrictior
2081 1698 2147 1760 et

247 1785 661 1870 temporibus,
715 1785 945 1869 quibus
1000 1785 1110 1849 alii
1155 1785 1527 1869 moventur,
1570 1783 1798 1848 iisdem
1843 1804 1965 1869 ego
2011 1805 2144 1849 mo·

245 1892 405 1957 vear,
468 1896 579 1938 me
608 1895 779 1938 ‘esse
836 1874 1136 1938 acerbum
1192 1874 1345 1957 sibi,
1406 1876 1484 1937 ut
1535 1873 1658 1937 sim
1711 1873 1914 1937 dulcis
1968 1874 2145 1937 mihi.

243 1957 331 2025 De
371 1963 572 2028 rebus
616 1962 880 2027 urbanis
926 1963 1098 2046 quod
1141 1984 1245 2026 me
1291 1962 1629 2026 certiorem
1671 1960 1902 2045 fecisti,
1947 1984 2147 2046 quum
2185 1977 2216 2027 9

246 2070 350 2132 per
391 2074 459 2116 se
506 2050 673 2116 mihi
719 2055 977 2137 gratum
1018 2050 1163 2134 fuit,
1206 2055 1348 2115 tum
1392 2051 1565 2134 quod
1602 2050 1982 2135 significasti
2026 2051 2147 2114 tibi

245 2140 450 2204 omnia
504 2161 655 2204 mea
706 2140 1013 2204 mandata
1066 2161 1255 2204 curae
1307 2138 1472 2223 fore3
1535 2140 1606 2203 in
1660 2139 1891 2222 quibus
1943 2161 2148 2204 unum

221 2225 392 2296 .illud
435 2234 502 2293 te
551 2230 893 2313 praecipue
936 2248 1098 2314 rogo
1142 2231 1220 2293 ut
1262 2249 1471 2312 cureS,
1523 2249 1606 2292 ne
1663 2227 1815 2311 quid
1861 2228 2018 2291 mihi
2065 2229 2147 2292 ad

245 2312 359 2381 hoc
402 2317 656 2404 negotii
700 2322 815 2382 aut
868 2317 1079 2382 oneris
1124 2317 1390 2381 accedat
1433 2319 1550 2381 aut
1590 2316 1900 2400 temporis
1908 2367 1926 2400 ,
1978 2315 2146 2382 Hor·

246 2405 663 2490 tensiumque,
706 2410 1003 2471 nostrum
1039 2406 1355 2491 collegam
1390 2408 1458 2470 et
1491 2404 1895 2489 familiarem,
1938 2426 2147 2491 rogeS,

247 2495 329 2577 ut,
371 2495 427 2559 si
469 2516 781 2579 umquam
825 2516 969 2559 mea
1013 2515 1208 2559 causa
1252 2493 1601 2579 quidquam
1638 2496 1754 2559 aut
1788 2493 1992 2558 sensit
2034 2497 2149 2559 aut

248 2579 416 2665 fecit,
471 2584 551 2648 de
604 2583 727 2648 hac
781 2605 1033 2668 quoque
1079 2583 1402 2648 sententia
1445 2583 1622 2647 bima
1675 2582 1966 2667 decedat,
2021 2605 2148 2666 qua

250 2670 398 2736 mihi
442 2672 610 2736 nihil
654 2676 870 2757 potest
914 2694 1052 2738 esse
1096 2672 1435 2737 inimicius.
1523 2670 1624 2737 De
1668 2672 1908 2736 nostris
1953 2671 2145 2735 rebus
2177 2687 2244 2738 10

250 2760 410 2841 quod
466 2761 628 2825 scire
680 2761 807 2847 vis,
861 2760 1063 2826 Tarso
1115 2760 1326 2827 Nonis
1380 2760 1761 2826 Octobribus
1823 2762 1911 2820 ad
1952 2758 2146 2823 Ama·

252 2865 398 2913 num
440 2870 664 2915 versus
717 2849 992 2934 profecti
1047 2871 1293 2933 sumus3
1343 2849 1505 2914 haec
1559 2847 1786 2932 scripsi
1837 2848 2148 2932 postridie

255 2934 378 3002 eius
432 2938 584 3023 diei,
638 2960 836 3023 quum
890 2941 1102 3003 castra
1161 2938 1468 3003 haberem
1530 2938 1601 3001 in
1665 2956 1823 3024 agro
1886 2935 2146 3021 Mopsu-

255 3020 504 3091 hestiae.
603 3024 672 3091 Si
716 3027 870 3112 quid
925 3047 1143 3113 egero,
1191 3027 1464 3092 scribam
1510 3025 1593 3090 ad
1636 3028 1730 3108 te,
1782 3045 1989 3110 neque
2037 3026 2146 3091 do-

256 3131 420 3179 mum
444 3137 746 3199 umquam
776 3117 859 3180 ad
885 3136 988 3179 me
1024 3116 1273 3180 litteras
1300 3115 1575 3199 mittam,
1612 3114 1768 3198 quin
1796 3114 2147 3200 adiungam

387 3341 486 3413 Ep.
525 3350 574 3411 8,
605 3350 654 3400 8.
752 3360 995 3412 movear,
1039 3361 1120 3399 me
1156 3386 1200 3399 ..
1225 3384 1271 3397 ..
1309 3343 1458 3397 mihi.
1532 3342 1628 3396 De·
1657 3342 1806 3407 (W.).
1906 3353 2144 3417 moveas.-

259 3423 333 3463 *πο
365 3453 377 3465 .
400 3454 411 3465 .
433 3455 445 3467 .
480 3416 628 3470 mihi.
694 3416 782 3471 De
816 3416 878 3471 Β.
963 3416 1088 3485 (ita,
1126 3416 1193 3468 ut
1227 3429 1307 3467 me
1335 3454 1346 3466 .
1371 3453 1383 3466 .
1406 3453 1417 3465 .
1447 3411 1582 3466 mihi
1618 3412 1695 3465 sit
1732 3427 1922 3464 versus
1959 3420 2143 3459 nescio

260 3481 384 3550 qui.)
456 3492 536 3540 10.
594 3487 669 3541 ad
704 3487 983 3542 Amanum
1021 3486 1173 3553 (W.).
1248 3484 1526 3537 Amanum
1562 3481 1746 3549 vulgo.
