2338 3691
250 98 382 162 384
817 98 890 151 Μ.
930 96 1177 151 TULLII
1213 95 1594 152 CICERONIS

248 245 574 310 sententia
637 243 808 307 dicta
869 242 1219 327 productus
1285 264 1427 307 sum
1490 243 1559 306 in
1632 243 2009 308 concionem
2083 246 2162 309 ab

251 334 513 398 tribuno
550 333 634 417 pl.
662 330 750 396 M.
788 329 1084 396 Servilio:
1130 331 1263 395 dixi
1298 331 1376 395 de
1413 335 1496 414 te,
1543 353 1704 416 quae
1740 333 1943 417 potui,
1979 336 2167 398 tanta

250 421 685 504 contentione,
722 424 1034 505 quantum
1070 420 1286 486 forum
1323 423 1439 505 est,
1474 423 1661 486 tanto
1698 422 1978 488 clamore
2016 444 2163 488 con·

255 531 572 594 sensuque
617 509 867 594 populi,
920 512 995 574 ut
1046 510 1212 574 nihil
1256 531 1564 594 umquam
1617 510 1825 575 simile
1879 510 2167 576 viderim.

252 598 328 662 Id
373 599 566 663 velim
610 599 769 663 mihi
812 599 1112 684 ignoscas
1159 599 1330 683 quod
1375 598 1580 663 invita
1627 620 1814 664 socru
1850 603 1965 665 tua
2000 601 2165 665 feee—

252 687 400 751 rim:
465 688 693 752 mulier
756 687 982 763 timida
1025 687 1393 770 verebatur,
1457 709 1539 751 ne
1600 687 1850 753 Pansae
1911 690 2166 754 animus

254 777 698 841 offenderetur.
783 775 865 840 In
910 777 1218 842 concione
1265 777 1522 861 quidem
1565 777 1782 841 Pansa
1826 778 1987 842 dixit
2030 801 2165 843 ma-

252 868 418 930 trem
465 887 717 951 quoque
772 869 953 930 tuam
1008 868 1074 929 et
1115 865 1385 930 fratrem
1429 866 1609 930 illam
1667 887 1707 930 a
1761 888 1863 930 me
1910 871 2165 932 senten-

253 955 413 1018 tiam
449 955 731 1020 noluisse
771 955 921 1036 dici3
968 954 1079 1018 sed
1116 976 1219 1018 me
1255 954 1417 1019 haec
1452 975 1588 1020 non
1625 956 1991 1040 movebant,
2037 958 2168 1022 alia

252 1042 578 1107 valebant:
644 1043 943 1108 favebam
989 1046 1056 1107 et
1098 1044 1193 1107 rei
1228 1043 1543 1128 publicae,
1588 1044 1691 1108 cui
1728 1066 1978 1130 semper
2013 1046 2168 1131 favi,

255 1135 321 1196 et
366 1133 668 1218 dignitati
715 1154 789 1198 ac
835 1132 1077 1218 gloriae
1123 1135 1292 1197 tuae.
1365 1131 1548 1208 Quod
1596 1136 1813 1197 autem
1854 1137 1919 1197 et
1962 1135 2033 1198 in
2072 1157 2166 1200 se-

253 1225 413 1288 natu
475 1222 767 1307 pluribus
831 1221 1042 1286 verbis
1098 1221 1366 1286 disserui
1420 1226 1487 1286 et
1532 1221 1660 1286 dixi
1712 1223 1783 1286 in
1839 1224 2167 1305 concione,

252 1310 323 1374 in
369 1334 444 1377 eo
490 1312 684 1377 velim
735 1310 926 1375 fidem
960 1331 1192 1374 ,meam
1246 1311 1505 1394 liberes3
1562 1312 1827 1395 promisi
1881 1313 2054 1377 enirn
2101 1318 2170 1378 et

252 1422 453 1485 prope
501 1399 875 1466 confirmavi
928 1402 993 1463 te
1038 1421 1174 1465 non
1219 1403 1622 1484 exspectasse
1675 1422 1794 1465 nec
1840 1406 2166 1486 exspecta-

251 1493 471 1554 turum
517 1490 772 1554 decreta
815 1490 1067 1573 nostra,
1122 1489 1235 1554 sed
1278 1491 1346 1553 te
1389 1489 1602 1574 ipsum
1645 1492 1759 1555 tuo
1806 1513 1983 1555 more
2029 1513 2166 1556 rem

254 1579 579 1663 publicam
618 1579 1047 1643 defensurum.
1119 1577 1228 1661 Et,
1272 1590 1663 1662 quamquam
1700 1579 2018 1644 nihildum
2055 1603 2164 1644 au-

252 1667 602 1750 dieramus,
655 1688 775 1732 nec
828 1667 941 1732 ubi
995 1689 1168 1732 esses
1213 1688 1333 1731 nec
1387 1689 1547 1750 quas
1603 1668 1820 1752 copias
1875 1669 2167 1756 habereS,

252 1759 474 1821 tamen
520 1757 612 1822 sic
658 1757 1041 1839 statuebam,
1087 1777 1329 1840 omnes,
1375 1777 1538 1839 quae
1583 1757 1655 1820 in
1691 1757 1833 1822 istis
1870 1759 2165 1842 partibus

252 1850 471 1911 essent
517 1867 671 1930 opes
717 1845 1092 1931 copiaeque,
1135 1850 1284 1910 tuas
1330 1867 1496 1930 esse,
1540 1868 1656 1931 per
1699 1849 1890 1931 teque
1939 1847 2166 1913 Asiam

252 1935 650 2019 provinciam
705 1934 1105 1999 confidebam
1167 1935 1298 1999 iam
1360 1936 1454 1999 rei
1506 1935 1800 2020 publicae
1854 1938 2166 2023 recipera-

252 2028 405 2177 txzsmli.
514 2023 613 2089 Tu
673 2023 779 2090 fac
840 2024 910 2087 in
973 2024 1270 2109 augenda
1332 2024 1540 2109 gloria
1599 2028 1664 2089 te
1725 2026 1864 2110 ipse
1927 2026 2167 2092 vincas,
2229 2107 2232 2110 A

318 2134 356 2176 a
382 2134 434 2176 e.

1116 2306 1297 2373 VIII.

347 2420 458 2475 Scr.
500 2420 710 2475 Romae
746 2436 933 2475 mense
972 2420 1129 2475 Iunio
1165 2422 1317 2491 (post
1353 2420 1496 2475 VIII.
1535 2421 1639 2491 Id.)
1678 2438 1727 2476 a.
1765 2438 1818 2477 u.
1856 2438 1902 2476 c.
1945 2429 2065 2478 711.

836 2543 1092 2601 CICERO
1131 2544 1378 2601 CASSIO
1418 2545 1568 2601 SAL.
1685 2535 1688 2538 Δ

387 2643 607 2710 Scelus
653 2645 868 2710 affinis
922 2646 1020 2710 tui
1065 2645 1293 2729 Lepidi
1348 2668 1790 2731 summamque
1834 2646 2172 2714 levitatem

255 2740 320 2800 et
363 2734 869 2800 inconstantiam
923 2756 999 2798 ex
1054 2735 1242 2819 actis,
1296 2757 1458 2819 quae
1514 2735 1596 2799 ad
1649 2739 1714 2800 te
1770 2735 1940 2799 mitti
1987 2741 2168 2803 certo

256 2825 408 2909 sci0‚
446 2845 758 2909 cognosse
797 2826 862 2887 te
900 2823 1201 2887 arbitror:
1247 2824 1465 2907 itaque
1492 2846 1614 2890 nos
1652 2823 1945 2889 confecto
1974 2825 2171 2910 bello,

253 2917 328 2978 ut
373 2913 869 2996 arbitrabamur,
914 2915 1295 2977 renovatum
1339 2913 1581 2978 bellum
1626 2912 1907 2999 gerimus
1956 2935 2168 2998 spem·

255 3024 377 3085 que
434 3024 691 3066 omnem
743 3003 815 3065 in
868 3000 947 3065 D.
1006 3000 1211 3066 Bruto
1276 3004 1343 3065 et
1402 3001 1642 3066 Planco
1704 3001 2046 3084 habemuS,
2112 3005 2169 3067 si

253 3111 476 3154 verum
533 3091 812 3174 quaeris,
864 3090 936 3153 in
989 3093 1052 3153 te
1108 3093 1175 3154 et
1227 3091 1297 3154 in
1351 3089 1438 3154 Μ.
1484 3090 1717 3173 Bruto,
1770 3112 1907 3155 non
1953 3091 2168 3155 solum

254 3177 336 3239 acl
399 3200 702 3259 praesens
773 3178 1166 3263 perfugium,
1232 3170 1312 3264 si,
1377 3180 1548 3263 quod
1611 3179 1839 3263 nolim,
1911 3179 2170 3245 adversi

393 3353 494 3422 Ep.
535 3361 590 3420 7,
632 3363 678 3410 1.
744 3359 812 3412 ab
849 3358 1071 3413 tribuno
1118 3360 1266 3429 (W.).
1332 3362 1406 3415 ad
1441 3366 1509 3415 tr.
1548 3360 1622 3415 M.
1679 3379 1716 3416 a
1751 3367 1818 3416 tr.
1864 3361 2054 3444 vulgo·
2094 3394 2166 3403 -

253 3421 505 3475 valebant
550 3426 816 3495 (Krause).
896 3430 1160 3484 malebam
1203 3430 1277 3484 M.
1324 3432 1510 3503 vulgo,
1593 3432 1694 3502 Ep.
1743 3439 1802 3502 8,
1852 3440 1897 3488 1.
1960 3450 2025 3487 m
2072 3434 2164 3490 M.

254 3490 436 3544 Bruto
474 3492 697 3563 (Gron.).
762 3498 826 3553 in
860 3516 971 3553 meo
1005 3500 1077 3554 B.
1117 3500 1219 3568 M„
1256 3502 1444 3571 vulgo.
