2338 3691
633 128 1154 186 EPISTOLARUM
1191 129 1306 186 VH.
1345 136 1571 186 11—13.
1929 128 2062 196 207

1012 396 1196 463 XIII.

379 525 386 529 ·
449 509 564 566 Sor.
604 510 814 566 Romae
851 509 945 565 IV.
985 510 1129 565 Non.
1168 510 1332 565 Mart.
1372 525 1423 565 a.
1460 528 1514 564 u.
1553 527 1600 566 c.
1641 514 1760 567 ⁷01.

585 636 710 708 [M.]
750 634 1008 691 CICERO
1047 634 1102 689 S.
1139 635 1206 689 D.
1247 633 1629 691 TREBATIO.

286 732 549 800 Adeone
612 757 716 800 me
779 735 1091 800 iniustum
1155 756 1294 800 esse
1359 735 1764 820 existimasti,
1815 737 1892 801 ut
1942 735 2064 800 tibi
2101 752 2131 803 1

176 821 479 908 irascerer,
545 823 717 907 quod
778 846 1010 908 parum
1072 823 1234 888 mihi
1297 828 1602 889 constans
1666 827 1732 889 et
1791 824 2065 890 nimium

179 911 419 995 cupidus
467 912 817 978 decedendi
862 912 1166 996 viderere,
1214 912 1297 977 ob
1345 934 1609 997 eamque
1657 934 1917 977 causam
1961 934 2065 978 me

178 999 531 1066 arbitrarere
576 1002 826 1067 litteras
873 1001 956 1065 ad
999 1004 1065 1065 te
1109 1001 1352 1066 iamdiu
1396 1023 1533 1067 non
1568 1000 1861 1067 misisse?
1906 1001 2081 1066 mihi

176 1091 551 1172 perturbatio
599 1091 798 1154 animi
841 1091 966 1174 tui,
1021 1112 1216 1174 quam
1269 1090 1492 1174 primis
1545 1091 1778 1155 litteris
1823 1091 2066 1176 perspi·

178 1177 416 1264 ciebam,
450 1180 815 1245 molestiam
852 1179 1098 1262 attulit3
1140 1200 1351 1264 neque
1388 1179 1517 1245 alia
1551 1180 1685 1244 ulla
1718 1179 1846 1244 fuit
1871 1200 2068 1244 causa

176 1265 646 1334 intermissionis
715 1268 1160 1353 epistolarum,
1224 1268 1352 1332 nisi
1424 1267 1622 1354 quod,
1693 1268 1805 1332 ubi
1878 1289 2068 1353 esses,

178 1355 345 1438 plane
387 1358 772 1422 nesciebam.
860 1355 987 1421 Hic
1040 1359 1115 1421 tu
1159 1379 1262 1422 me
1310 1356 1506 1422 etiam
1559 1357 1894 1421 insimulas
1947 1377 2068 1421 nec

180 1445 663 1512 satisfactionem
690 1467 901 1510 meam
930 1445 1210 1530 accipis?
1265 1444 1457 1531 Audi,
1485 1445 1682 1511 Testa
1708 1446 1822 1510 mi:
1850 1448 2070 1510 utrum

181 1535 594 1617 superbiorem
637 1539 704 1600 te
748 1534 1023 1619 pecunia
1064 1534 1226 1598 facit
1270 1556 1356 1599 an
1393 1534 1566 1618 quod
1611 1538 1675 1600 te
1719 1535 2072 1619 imperator

182 1623 479 1688 consulit?
533 1624 800 1708 moriar,
843 1623 942 1707 ni,
998 1645 1162 1706 quae
1207 1625 1323 1688 tua
1369 1624 1577 1709 gloria
1623 1627 1745 1708 est,
1798 1626 1958 1708 puto
2004 1625 2070 1687 te

182 1711 349 1776 malle
403 1735 442 1777 a
497 1710 769 1778 Caesare
835 1711 1083 1777 consuli
1137 1733 1332 1796 quam
1394 1712 1697 1777 inaurari.
1796 1710 1866 1776 Si
1917 1733 2070 1776 vero

185 1801 500 1887 utrumve
547 1806 676 1886 est,
721 1801 865 1886 quis
909 1804 975 1867 te
1019 1800 1188 1866 feret
1230 1804 1486 1885 praeter
1529 1822 1652 1887 me,
1698 1801 1808 1886 qui
1855 1800 2072 1866 omnia

184 1885 327 1953 ferre
361 1890 670 1975 possum?
744 1888 887 1975 Sed,
932 1892 1008 1954 ut
1044 1890 1125 1954 ad
1172 1912 1309 1954 rem
1353 1890 1630 1975 redeam,
1674 1894 1740 1955 te
1783 1890 1930 1955 istic
1975 1891 2069 1954 in·
2108 1903 2140 1953 2

185 1975 365 2043 vitum
397 2001 538 2045 non
574 2001 710 2045 esse
746 1978 1160 2044 vehementer
1197 1978 1447 2064 gaudeo
1494 1982 1577 2063 et,
1622 1981 1696 2043 ut
1729 1979 1889 2043 illud
1936 1981 2075 2043 erat

184 2067 529 2152 molestum,
594 2068 686 2133 sic
738 2068 864 2133 hoc
927 2070 1027 2132 est
1079 2067 1454 2132 iucundum:
1519 2070 1776 2132 tantum
1839 2071 2077 2150 metuo,

184 2172 254 2218 ne
312 2157 649 2222 artificium
711 2160 898 2221 tuum
967 2155 1090 2220 tibi
1152 2178 1383 2240 parum
1454 2156 1687 2241 prosit3
1756 2178 1911 2220 nam
1924 2206 1942 2240 ,
2001 2158 2077 2219 ut

184 2242 374 2330 audio,
414 2246 562 2310 istic

260 2396 388 2440 non
430 2399 510 2441 ex
552 2377 690 2441 iure
735 2398 1001 2442 manum
1047 2379 1440 2462 consertum,
1494 2377 1605 2442 sed
1650 2377 1859 2462 magis
1902 2377 2076 2442 ferro

261 2486 388 2529 rem
431 2468 753 2549 repetunt,

189 2597 244 2657 et
282 2599 352 2661 tu
396 2598 564 2663 soles
621 2598 703 2661 ad
747 2599 878 2662 vim
923 2597 1295 2662 faciundam
1341 2598 1658 2683 adhiberi,
1710 2618 1919 2681 neque
1965 2599 2081 2681 est,

190 2685 342 2765 quod
392 2686 570 2751 illam
626 2687 1067 2771 exceptionem
1119 2687 1191 2751 in
1242 2687 1586 2751 interdicto
1640 2686 2079 2771 pertimescas:

192 2782 314 2843 Quo
357 2788 443 2834 'rv
485 2788 701 2837 PRIOR
755 2789 828 2835 vl
881 2788 1272 2839 Hommssus
1318 2788 1620 2837 ARMATIS
1676 2788 1824 2836 NON
1867 2787 2078 2834 VENE-

195 2870 321 2940 R183
364 2862 491 2926 scio
540 2861 714 2926 enim
747 2864 814 2925 te
850 2883 987 2927 non
1024 2883 1161 2926 esse
1197 2883 1534 2946 procacem
1578 2862 1651 2925 in
1688 2859 2080 2926 lacessendo.

196 2939 321 3030 Sed,
360 2953 432 3013 ut
476 2970 598 3035 ego
637 2971 889 3034 quoque
926 2954 990 3015 te
1029 2950 1271 3034 aliquid
1308 2950 1692 3015 admoneam
1737 2949 1814 3014 de
1849 2947 2081 3015 vestris

199 3037 607 3124 cautionibus,
660 3038 960 3104 Treviros
1014 3039 1180 3104 vites
1225 3060 1480 3104 censeo:
1538 3037 1727 3102 audio
1775 3037 2084 3122 capitales

219 3238 228 3246 ’
322 3262 418 3335 Ep.
456 3273 540 3335 13,
573 3272 619 3321 1.
694 3264 941 3336 accipis?
1005 3267 1163 3321 Audi
1201 3265 1351 3335 (w).
1426 3264 1647 3331 accipis.
1702 3262 1862 3318 Audi
1894 3262 2082 3331 vulgo.

200 3333 244 3381 2·
292 3341 553 3404 repetunt,
599 3342 650 3391 et
699 3343 763 3391 tu
801 3377 813 3391 .
836 3378 881 3391 ..
922 3337 1197 3401 adhiberi,
1241 3351 1412 3404 ‘neque
1466 3333 1616 3402 (W.).
1715 3337 2005 3401 repetunt.
2035 3334 2088 3383 et

200 3404 258 3524 321⁴
291 3408 565 3530 ...laam
620 3424 790 3478 neque
825 3408 887 3463 B.
935 3438 1001 3447 -
1056 3405 1214 3478 QVO
1264 3404 1378 3459 TV
1409 3402 1645 3472 (saian).
1723 3402 1939 3472 QVOD
1978 3397 2091 3451 TV

258 3514 285 3541 .,
318 3493 385 3530 vu
407 3496 491 3548 gc.
