2338 3691
538 111 1056 168 EPISTOLARUM
1082 113 1180 168 AD
1211 110 1276 177 Q
1310 99 1675 170 FRATREM
1699 117 1740 171 1.
1770 123 1817 172 2.
2008 118 2093 182 57
2102 119 2137 182 7

351 255 546 332 Nunc
598 279 666 323 re
748 258 1000 324 ondebo
1059 257 1143 330 ad
1206 278 1315 330 eas
1372 257 1707 359 epistolas,
1762 283 1921 347 quas
1975 258 2206 363 mihi}

216 346 497 414 reddidit
540 345 610 418 L.
711 346 922 411 aesius
949 382 1034 394 —
1064 346 1185 431 cui,
1229 347 1535 432 quoniam
1579 349 1674 413 ita
1720 353 1784 414 te
1831 351 1992 415 velle
2038 352 2133 415 in-

216 435 474 520 telligo,
504 435 697 510 nullo
742 436 885 500 loco
933 434 1121 502 deero
1169 459 1283 518 -3
1337 457 1608 519 quarum
1653 438 1857 510 altera
1911 442 2009 504 est
2049 439 2132 504 de

218 522 557 594 Blaudeno
596 521 890 608 Zeuxide,
935 545 1126 607 quem
1164 524 1398 598 ,scribis
1425 525 1870 601 certissimum
1914 528 2132 608 matri-

218 612 433 684 cidam
478 611 598 678 tibi
652 634 691 676 a
743 633 846 678 me
901 612 1126 686 intime
1183 614 1633 682 commendari.
1734 614 1875 690 Qua
1915 614 2006 682 de
2063 636 2133 680 re

220 704 290 768 et
335 699 413 767 de
470 700 601 776 hoc
663 721 898 786 genere
960 703 1128 785 toto,
1192 723 1275 765 ne
1337 702 1505 767 forte
1568 724 1670 767 me
1732 704 1803 770 in
1855 700 2131 775 Graecos

218 792 359 864 tarn
386 788 800 864 ambitiosum
835 789 1080 866 factum
1108 810 1247 855 esse
1273 789 1521 873 mirere,
1554 813 1762 892 pauca
1798 813 2132 880 cognosce.

218 876 368 963 Ego
417 900 613 962 quum
649 875 1038 946 Graecorum
1084 878 1382 980 querelas
1405 879 1693 956 nimium
1732 881 1945 954 valere
1991 902 2128 950 sen·

220 966 412 1031 tirem
456 970 721 1052 propter
772 967 1109 1040 hominum
1162 967 1428 1052 ingenia
1473 969 1564 1042 ad
1617 968 1970 1042 fallendum
2021 992 2131 1054 pa·

222 1058 392 1139 rata,
454 1077 889 1140 quoscumque
943 1054 1022 1120 de
1076 1060 1141 1120 te
1196 1056 1379 1140 queri
1432 1056 1673 1140 audivi,
1736 1078 2133 1158 quacumque

223 1144 409 1228 potui
452 1144 721 1245 ratione,
764 1142 1033 1245 placavi.
1103 1142 1395 1209 Primum
1433 1142 1979 1229 Dionysopolitas,
2024 1148 2134 1229 qui

224 1234 412 1306 erant
466 1231 914 1316 inimicissimi,
954 1231 1188 1315 lenivi,
1242 1254 1513 1316 quorum
1565 1233 1919 1318 principem
1972 1233 2134 1298 Her-

222 1321 515 1406 mippum
552 1342 695 1394 ιιοιι
740 1321 945 1388 solum
994 1342 1289 1386 sermone
1333 1343 1507 1405 meo,
1554 1321 1664 1387 sed
1709 1323 1905 1388 etiam
1949 1322 2133 1394 fami-

220 1409 502 1482 liaritate
544 1409 826 1493 devinxi3
871 1430 991 1495 ego
1020 1408 1457 1493 Apamensem
1489 1409 1976 1496 Hephaestiam,
2011 1431 2132 1497 ego

220 1499 620 1563 levissimum
664 1498 1008 1582 hominem,
1052 1496 1478 1588 Megaristum
1512 1497 1967 1600 Antandrium,
2011 1520 2132 1588 ego

220 1585 480 1651 Niciam
517 1584 956 1671 Smyrnaeum,
1001 1608 1122 1672 ego
1165 1607 1377 1673 nugas
1413 1587 1723 1660 maximas
1770 1588 1948 1653 omni
1985 1608 2136 1662 mea

224 1677 526 1741 comitate
573 1676 940 1760 complexus
988 1697 1148 1759 sum,
1191 1671 1680 1760 Nymphontem
1724 1676 1934 1748 etiam
1948 1673 2134 1742 Colo-

221 1764 563 1850 phonium.
628 1785 791 1849 quae
854 1764 977 1828 feci
1043 1764 1292 1849 omnia,
1353 1785 1489 1829 non
1551 1786 1678 1849 quo
1741 1786 1844 1829 me
1899 1768 2012 1834 aut
2064 1766 2134 1829 hi

222 1854 516 1927 homines
566 1857 694 1927 ‚aut
746 1856 888 1919 tota
939 1853 1118 1919 natio
1176 1853 1544 1919 delectaret:
1607 1857 1974 1938 pertaesum
2036 1858 2135 1920 est

210 1943 531 2027 levitati&
583 1942 1070 2025 assentationis,
1124 1942 1488 2009 animorum
1530 1963 1667 2008 non
1711 1942 1941 2009 officiis
1950 1994 1968 2027 ,
2022 1943 2133 2008 sed

222 2032 621 2115 temporibus
667 2030 1097 2103 servientium.
1189 2029 1333 2114 Sed,
1375 2035 1451 2095 ut
1494 2031 1574 2095 ad
1620 2029 1882 2096 Zeuxim
1924 2054 2132 2098 rever·
2160 2055 2186 2096 ι

223 2122 345 2202 tar,
392 2141 588 2203 quum
631 2119 687 2184 is
735 2119 811 2184 de
858 2117 945 2183 Μ.
975 2116 1271 2193 Cascellii
1306 2140 1598 2184 sermone
1636 2141 1850 2184 secum
1890 2119 2133 2203 habito,

228 2228 400 2308 quae·
437 2211 508 2271 tu
555 2207 797 2291 scribis,
841 2230 918 2272 ea
961 2208 1104 2292 ipsa
1143 2209 1529 2291 loqueretur,
1574 2207 1797 2272 obstiti
1832 2207 1967 2272 eius
2005 2229 2132 2272 ser·

226 2295 405 2360 moni
468 2297 533 2360 et
592 2294 920 2360 hominem
971 2296 1042 2360 ιιι
1104 2296 1611 2360 familiaritatem
1666 2296 1894 2397 recepi.
1992 2295 2134 2360 Tua

224 2387 441 2448 autem
506 2405 669 2468 quae
732 2370 926 2450 fuerit
990 2380 1307 2468 cupiditas
1370 2386 1580 2467 tanta,
1649 2383 1899 2469 nescio,
1960 2385 2133 2469 quod

224 2472 451 2537 scribis
507 2473 759 2558 cupisse
812 2476 907 2557 te,
961 2473 1267 2558 quoniam
1322 2470 1632 2573 Smyrnae
1697 2471 1857 2540 duos
1910 2470 2133 2557 Mysos

222 2561 527 2626 insuisses
573 2561 643 2626 in
689 2562 984 2644 culleum,
1030 2561 1236 2626 simile
1282 2560 1350 2625 in
1388 2561 1714 2644 superiore
1758 2563 1941 2646 parte
1986 2583 2131 2645 pro·

221 2650 467 2716 vinciae
513 2649 699 2714 edere
755 2650 1114 2733 exemplum
1161 2649 1519 2715 severitatis
1573 2653 1724 2714 tuae
1778 2651 1843 2714 et
1894 2648 2131 2713 idcirco

222 2736 485 2803 Zeuxim
531 2739 755 2803 elicere
802 2738 981 2804 omni
1025 2738 1276 2804 ratione
1321 2738 1599 2805 voluisse
1644 2738 1687 2816 ι·
1726 2738 1899 2802 ultra
1943 2758 2134 2821 quem

224 2826 571 2892 adductum
630 2827 701 2891 in
764 2826 1069 2891 iudicium
1130 2827 1406 2891 fortasse
1471 2825 1709 2890 dimitti
1764 2847 1900 2890 non
1947 2847 2132 2909 opor-

221 2919 451 2999 tuerat,
489 2916 781 2999 conquiri
818 2937 969 2980 vero
1008 2919 1074 2980 et
1110 2915 1254 2979 elici
1289 2914 1638 2999 blanditiis,
1672 2916 1750 2980 ut
1780 2917 1855 2979 tu
1891 2913 2135 2997 scribis,

361 3108 464 3178 Ep.
503 3114 561 3178 2,
599 3114 650 3163 4.
731 3109 1117 3178 Apameensem
1173 3107 1344 3176 (W.)?
1399 3137 1468 3149 —-
1532 3106 1922 3176 Hephaestiam
1976 3104 2133 3175 sor..)

220 3126 524 3247 Ephesium
576 3180 633 3233 Μ
646 3179 745 3233 RI.
820 3179 946 3248 Hep
947 3181 1193 3234 haestum
1227 3178 1396 3247 Man„
1430 3177 1495 3231 Β.
1545 3209 1611 3217 —-
1650 3178 1779 3232 dela
1823 3181 2136 3245 pertaesum

315 3251 728 3305 ‚serviemium
803 3197 946 3306 Sedp
957 3250 1187 3332 (vulgo).
1270 3249 1322 3304 d.
1362 3279 1428 3288 -
1458 3265 1575 3316 p..
1599 3262 1783 3303 ..serv
1821 3277 1907 3313 —,
1942 3248 2036 3301 sed
2069 3246 2132 3299 B.

221 3289 279 3375 5.
327 3319 560 3375 culleum
609 3321 722 3387 (M,
761 3321 906 3375 sicut
941 3320 1124 3375 voluit
1156 3319 1261 3387 Β).
1353 3320 1561 3373 culeum
1597 3316 1659 3370 Β.
1716 3347 1783 3357 --
1834 3317 2063 3370 voluisse
2097 3319 2137 3379 †

220 3392 372 3445 ultra
407 3408 562 3461 quem
597 3392 814 3475 (MW.).
887 3407 936 3446 v.
975 3392 1148 3455 ultr0,
1186 3406 1339 3459 quem
1385 3388 1499 3456 (R.,
1536 3388 1603 3440 ut
1638 3402 1743 3456 ego
1782 3385 1973 3452 olim)⁴?
2045 3384 2135 3436 An

219 3478 271 3516 v.
282 3479 382 3531 ,Ψ
460 3503 508 3516 ..
547 3463 798 3530 conquiri
824 3477 948 3516 vero
983 3462 1130 3516 ultro
1166 3465 1218 3514 et
1253 3459 1428 3527 (W.)?
1500 3473 1570 3523 v.,
1604 3472 1656 3525 q.
1692 3456 1811 3521 Μ2,
1847 3454 2029 3522 vulgo

328 3549 455 3591 einer
456 3550 557 3592 onie
584 3551 712 3597 epi-t.
738 3552 777 3592 1.
1635 3548 1705 3591 3⁷
