2338 3691
137 741 168 793 1

208 141 341 209 202
776 141 850 196 M.
890 140 1139 196 TULLII
1176 140 1556 197 CICERONIS

1088 390 1238 456 VII.

560 501 676 559 Scr.
714 503 925 558 Romae
962 519 1153 558 mense
1192 504 1342 558 Maio
1381 521 1430 558 a.
1467 523 1520 559 u.
1560 523 1607 560 c.
1648 511 1766 561 700.

824 625 1081 684 CICERO
1121 627 1504 683 TREBATIO.

338 727 485 815 Ego
530 731 597 794 te
643 727 1089 794 commendare
1135 749 1272 793 non
1308 728 1565 812 desisto,
1611 728 1741 813 sed,
1785 728 1939 812 quid
1975 750 2127 813 pro·

205 819 437 903 ficiam,
483 839 561 882 ex
604 820 670 882 te
716 817 875 881 scire
922 817 1136 901 cupio:
1185 839 1366 901 spem
1408 817 1756 883 maximam
1794 817 2003 882 habeo
2050 818 2126 882 in

204 907 442 991 Balbo,
497 906 579 970 ad
623 926 814 990 quem
859 905 936 970 de
981 909 1047 969 te
1093 904 1581 991 diligentissime
1638 909 1704 971 et
1749 906 2124 990 saepissime

207 997 436 1063 scribo.
524 994 694 1060 Illud
740 995 916 1059 soleo
961 994 1208 1078 mirari,
1261 1016 1397 1060 non
1441 1016 1544 1059 me
1589 995 1784 1060 toties
1832 995 2122 1079 accipere

93 1122 98 1125 -
204 1089 353 1151 tuas
396 1085 677 1166 litteras,
731 1083 982 1167 quoties
1028 1105 1069 1147 a
1114 1081 1354 1158 Quinto
1399 1083 1561 1148 mihi
1603 1083 1805 1148 fratre
1851 1084 2124 1148 afferan-

203 1178 330 1241 tur.
419 1172 502 1238 In
525 1172 888 1237 ‘Britannia
931 1170 1097 1236 nihil
1142 1193 1280 1236 esse
1327 1172 1517 1239 audio
1563 1193 1771 1256 neque
1827 1173 1965 1237 auri
2009 1195 2122 1237 ne-

207 1285 330 1348 que
376 1261 656 1348 argenti:
712 1261 780 1325 id
827 1261 883 1326 si
925 1261 1020 1325 ita
1064 1264 1189 1345 est,
1243 1260 1540 1327 essedum
1598 1261 1857 1346 aliquod
1903 1262 2123 1346 capias

209 1352 446 1418 suadeo
512 1354 579 1416 et
640 1349 722 1414 ad
793 1371 916 1415 nos
979 1371 1175 1433 quam
1244 1350 1525 1434 primum
1587 1371 1895 1415 recurras.
2003 1348 2123 1414 Sin

205 1445 424 1507 autem
470 1440 608 1506 sine
645 1438 987 1503 Britannia
1022 1442 1241 1503 tamen
1279 1439 1551 1523 assequi,
1596 1439 1769 1524 quod
1804 1440 2124 1527 volumus,

204 1551 575 1614 possumuS‚
628 1528 887 1613 perfice,
941 1530 1016 1591 ut
1062 1528 1148 1592 sis
1204 1527 1275 1591 in
1327 1527 1752 1593 familiaribus
1800 1525 2119 1592 Caesaris:

205 1619 482 1683 multum
535 1619 601 1681 te
654 1617 726 1680 in
779 1638 854 1680 eo
911 1616 1117 1680 frater
1180 1616 1509 1681 adiuvabit
1571 1638 1779 1700 meus,
1841 1616 2121 1681 multum

202 1705 478 1790 Balbus,
523 1704 662 1788 sed,
715 1704 876 1768 mihi
921 1705 1134 1788 crede,
1188 1708 1340 1770 tuus
1385 1705 1595 1789 pudor
1639 1709 1705 1769 et
1749 1704 1934 1769 labor
1977 1706 2121 1789 plu·

77 1834 82 1837 <
203 1795 456 1859 rimum.
554 1791 1019 1878 Imperatorem
1072 1793 1619 1878 liberalissimum,
1682 1796 1960 1858 aetatem
2007 1815 2121 1879 op-

133 2565 186 2657 ¹.

203 1882 760 1968 portunissimam,
813 1882 1438 1955 commendationem
1494 1886 1664 1947 certe
1721 1883 2121 1968 singularem

202 1971 423 2057 habes,
467 1974 542 2036 ut
584 1971 705 2035 tibi
749 1993 953 2037 unum
996 1972 1355 2037 timendum
1402 1972 1505 2056 sit,
1548 1993 1630 2037 ne
1667 1972 1806 2055 ipse
1843 1972 1964 2036 tibi
2012 1972 2120 2036 de·

202 2060 403 2126 fuisse
449 2059 723 2126 videare.

1066 2253 1249 2320 VIII.

545 2365 661 2423 Scr.
698 2366 910 2421 Romae
946 2382 1135 2422 mense
1175 2366 1334 2421 Iunio
1373 2382 1422 2421 a.
1459 2384 1514 2421 u.
1553 2382 1598 2421 c.
1640 2372 1758 2422 700.

815 2490 1073 2546 CICERO
1112 2489 1497 2544 TREBATIO.

337 2588 607 2675 Scripsit
650 2590 733 2656 ad
776 2612 878 2655 me
917 2588 1151 2655 Caesar
1187 2588 1669 2673 perhumaniter
1712 2590 2002 2656 nondum
2049 2594 2118 2655 te

201 2680 325 2745 sibi
360 2681 516 2748 satis
555 2701 692 2745 esse
728 2679 1111 2744 familiarem
1146 2680 1414 2762 propter
1449 2679 1903 2764 occupationes
1941 2701 2116 2763 suas,

202 2769 315 2834 sed
348 2773 519 2834 certe
554 2768 718 2834 fore:
767 2768 871 2834 cui
907 2767 1164 2850 quidem
1202 2787 1322 2852 ego
1359 2767 1676 2852 rescripsi,
1722 2789 1916 2852 quam
1953 2768 2117 2833 mihi

200 2862 459 2942 gratum
522 2861 691 2922 esset
751 2856 1070 2939 futurum,
1133 2854 1189 2919 si
1252 2877 1446 2940 quam
1502 2856 1852 2940 plurimum
1913 2857 1985 2921 in
2048 2860 2116 2922 te

202 2946 416 3030 studii,
462 2946 677 3030 officii,
720 2943 1126 3009 liberalitatis
1175 2965 1328 3009 suae
1375 2946 1773 3009 contulisset.
1864 2942 1991 3010 Sed
2038 2967 2118 3011 ex

198 3034 329 3098 tuis
385 3034 616 3100 litteris
671 3032 948 3120 cognovi
1000 3053 1499 3117 praeproperam
1555 3033 1880 3117 quandam
1934 3033 2117 3099 festi·

199 3121 530 3187 nationem
574 3125 756 3187 tuam
801 3127 868 3187 et
913 3121 1104 3186 simul
1149 3142 1293 3185 sum
1339 3122 1709 3207 admiratus,
1754 3142 1868 3187 cur
1910 3123 2116 3188 tribu·

340 3344 445 3414 Ep.
486 3350 535 3412 7,
568 3352 614 3400 1.
689 3348 998 3413 afferantur
1035 3348 1130 3416 (W
1134 3351 1186 3415 .).
1270 3349 1600 3415 adferantur
1634 3349 1708 3403 M.
1782 3349 2119 3416 adferuntur

201 3413 389 3484 vulgo.
437 3444 506 3455 —
552 3421 603 3468 2.
660 3416 807 3484 Imp.
846 3418 1053 3471 liberal.
1095 3460 1107 3472 .
1130 3458 1143 3472 .
1167 3460 1179 3473 .
1217 3420 1552 3488 sinyularem
1585 3421 1764 3487 habes,
1801 3426 1864 3474 ut
1901 3419 2115 3491 (Crat).

200 3483 362 3539 habes
398 3499 505 3539 om.
542 3484 617 3538 M.
690 3486 820 3554 imp.
857 3486 1019 3541 habes
1056 3489 1147 3543 lib.
1190 3530 1202 3542 .
1225 3530 1238 3543 .
1261 3528 1274 3543 .
1312 3491 1472 3559 siny„
1506 3496 1570 3545 ut
1599 3490 1668 3563 Β.
