2338 3691
217 100 341 164 148
779 102 854 155 M.
894 99 1142 155 TULLII
1179 99 1567 157 CICERONIS

213 268 378 333 quae
426 246 654 330 sentio,
697 246 1199 330 perscripserim,
1243 268 1326 311 ne
1364 246 1660 312 refricem
1696 246 1856 312 meis
1899 247 2133 314 litteris

216 334 601 400 desiderium
646 355 722 399 ac
767 334 1056 400 dolorem
1099 338 1313 418 tuum3
1358 335 1470 399 sed
1515 338 1736 400 tamen
1771 335 2133 420 prudentis-

213 425 370 488 sime
415 423 633 507 facies,
680 423 735 487 si
779 423 953 488 illius
990 423 1318 508 pietatem,
1362 424 1686 509 virtutem,
1728 425 2134 511 industriam,

213 513 598 596 ubicumque
645 513 796 596 eris,
840 515 1024 577 tuam
1070 534 1236 597 esse,
1288 515 1505 577 tecum
1550 535 1688 577 esse
1734 513 1953 597 duces3
2011 536 2133 579 nec

211 601 384 665 enim
429 602 643 666 minus
688 605 916 666 nostra
953 605 1124 685 sunt,
1169 623 1333 685 quae
1372 602 1588 667 animo
1627 602 2133 687 complectimur,

210 711 404 791 queam
452 712 614 774 quae
663 690 866 755 oculis
910 690 1257 755 intuemur.
1347 688 1778 765 Quamobrem
1834 694 1900 755 et
1955 692 2131 757 illius

209 779 440 843 eximia
485 779 689 844 virtus
744 800 1156 864 summusque
1201 780 1274 843 in
1325 782 1392 843 te
1451 800 1632 844 amor
1685 801 1962 865 magnae
2008 781 2133 845 tibi

209 868 639 933 consolationi
685 867 876 933 debet
911 889 1050 933 esse
1097 870 1162 932 et
1197 889 1320 933 nos
1358 868 1696 953 ceterique,
1742 869 1853 953 qui
1888 873 1955 933 te
1992 891 2133 935 11011

209 977 287 1021 ex
330 957 612 1041 fortuna,
658 957 770 1022 sed
816 979 895 1021 ex
940 957 1180 1021 virtute
1224 960 1341 1021 tua
1367 957 1707 1040 pendimus
1750 979 2129 1044 semperque

207 1046 586 1130 pendemuS,
632 1049 697 1110 et
739 1045 1013 1110 maxime
1060 1045 1262 1110 animi
1305 1045 1404 1110 tui
1449 1046 1871 1131 conscientia,
1927 1068 2131 1131 quum

207 1134 329 1199 tibi
371 1135 539 1200 nihil
583 1135 812 1200 merito
860 1134 1165 1200 accidisse
1210 1135 1541 1219 reputabis
1589 1138 1655 1199 et
1698 1135 1859 1199 illud
1900 1135 2129 1201 adiun-

207 1245 348 1310 ges,
410 1224 706 1290 homines
771 1224 1097 1309 sapientes
1159 1224 1589 1308 turpitudine,
1645 1245 1780 1289 non
1826 1246 2005 1307 casu,
2060 1228 2131 1290 et

206 1313 440 1379 delicto
488 1336 632 1398 suo,
686 1335 823 1379 non
876 1313 1153 1378 aliorum
1198 1312 1436 1377 iniuria
1481 1313 1886 1378 commoveri.
1975 1312 2127 1399 Ego

205 1406 273 1466 et
314 1403 625 1467 memoria
668 1406 930 1468 nostrae
975 1401 1212 1466 veteris
1257 1401 1577 1465 amicitiae
1634 1406 1698 1466 et
1742 1401 1980 1466 virtute
2028 1405 2128 1466 at-

203 1512 327 1575 que
374 1491 786 1557 observantia
837 1489 956 1555 filii
1009 1491 1108 1555 tui
1152 1490 1447 1555 monitus,
1492 1492 1672 1555 nullo
1726 1491 1870 1556 loco
1930 1490 2125 1557 deero

203 1601 411 1664 neque
468 1579 550 1645 ad
604 1579 1063 1646 consolandam
1117 1601 1327 1663 neque
1383 1579 1467 1643 ad
1521 1579 1863 1644 levandam
1915 1579 2123 1645 fortu-

203 1689 358 1732 nam
400 1671 606 1732 tuam:
660 1672 737 1733 tu
782 1669 837 1732 si
883 1668 1036 1752 quid
1082 1668 1164 1732 ad
1210 1689 1313 1732 me
1356 1668 1526 1733 forte
1574 1668 1933 1755 scripseris,
1977 1691 2122 1753 per-

202 1756 434 1841 ficiam,
476 1777 560 1821 ne
604 1760 670 1821 te
714 1756 957 1821 frustra
1002 1757 1336 1841 scripsisse
1381 1757 1709 1822 arbitrere.

1031 1951 1277 2019 XVIII.

711 2063 828 2122 Sor.
865 2065 1077 2121 Romae
1114 2081 1263 2120 anno
1300 2083 1354 2120 11.
1392 2081 1438 2119 0.
1480 2070 1600 2120 702.

638 2188 713 2244 M.
766 2188 1025 2245 CICERO
1081 2189 1134 2245 S.
1192 2189 1259 2245 D.
1316 2188 1380 2244 T.
1432 2187 1670 2244 FADIO.

331 2286 477 2354 Etsi
521 2294 804 2375 egomet,
858 2290 970 2373 qui
1013 2291 1080 2353 te
1127 2288 1449 2354 consolari
1502 2287 1721 2371 cupi0,
1774 2287 2120 2353 consolan-

198 2378 317 2443 dus
363 2378 501 2462 ipse
548 2401 717 2464 sum,
769 2380 1114 2463 propterea
1159 2377 1334 2462 quod
1377 2377 1627 2441 nullam
1669 2397 1807 2440 rem
1851 2377 2119 2462 gravius

194 2465 438 2532 iamdiu
495 2467 618 2532 tuli
681 2489 875 2552 quam
937 2465 1419 2532 incommodum
1487 2467 1703 2552 tuum,
1764 2467 1986 2529 tamen
2050 2470 2118 2531 te

197 2577 434 2641 magno
501 2577 692 2641 opere
759 2577 895 2621 non
956 2555 1187 2620 hortor
1250 2555 1486 2638 solum,
1559 2553 1671 2618 sed
1735 2553 1931 2618 etiam
1991 2576 2117 2638 pro

182 2665 414 2711 -amore
457 2649 684 2710 nostro
730 2666 890 2730 rogo
939 2647 1131 2728 atque
1180 2665 1314 2728 oro,
1356 2646 1422 2707 te
1461 2643 1729 2728 colligas
1775 2642 2116 2727 virumque

195 2735 504 2819 praebeas
551 2736 634 2818 et,
678 2754 806 2818 qua
842 2732 1219 2798 condicione
1262 2753 1486 2798 omnes
1521 2731 1818 2796 homines
1864 2734 1930 2796 et
1974 2733 2117 2815 qui-

192 2823 316 2888 bus
359 2785 759 2907 temporibus
804 2843 925 2887 nos
971 2822 1110 2886 nati
1156 2821 1383 2905 simus,
1429 2816 1692 2905 00311100.
1781 2819 1935 2884 Plus
1989 2819 2116 2886 tibi

193 2911 398 2976 virtus
443 2914 560 2976 tua
605 2910 807 2994 dedit,
860 2931 1055 2994 quam
1107 2910 1374 2976 fortuna
1418 2909 1713 2993 abstulit,
1767 2911 2115 2993 propterea

87 3046 92 3054 .
195 2999 369 3081 quod
422 2998 693 3084 adeptus
747 3020 843 3083 es,
897 3000 1070 3083 quod
1131 3020 1270 3064 non
1332 2997 1520 3063 multi
1581 2996 1878 3063 homines
1936 2998 2113 3082 novi,

196 3086 485 3169 amisisti,
530 3108 695 3170 quae
737 3087 1000 3172 plurimi
1045 3088 1341 3154 homines
1386 3086 1792 3152 nobilissimi.
1862 3085 1962 3151 Ea
2003 3086 2110 3152 de-

194 3172 389 3255 nique
429 3135 682 3238 videtur
708 3175 999 3242 condicio
1027 3175 1399 3261 impendere
1433 3177 1671 3260 legum,
1709 3175 2111 3260 iudiciorum,

194 3262 584 3359 temporum,
628 3265 703 3326 ut
747 3264 988 3346 optime
1035 3267 1252 3330 actum
1299 3286 1447 3329 cum
1490 3286 1566 3329 eo
1612 3264 1905 3330 videatur
1948 3285 2113 3349 esse,

196 3346 306 3429 qui
342 3366 536 3430 quam
567 3310 894 3414 levissima
928 3373 1142 3452 poena
1188 3352 1270 3416 ab
1304 3351 1430 3417 hac
1466 3374 1534 3417 re
1570 3353 1830 3437 publica
1874 3352 2108 3417 disces-

127 3452 158 3499 2
198 3433 370 3496 serit.
460 3432 560 3497 Tu
603 3455 783 3519 1010,
836 3437 948 3520 qui
1002 3442 1069 3505 et
1110 3442 1408 3507 fortunas
1464 3444 1530 3506 et
1572 3442 1809 3507 liberos
1861 3441 2108 3507 habeas
