2338 3691
857 876 1076 932 LIBER
1112 875 1466 944 QUARTUS.

296 1000 434 1068 AD.
497 1000 709 1069 sun.
763 995 1311 1071 SU·LPIOIUM
1372 1002 1500 1073 m*
1554 979 2014 1071 CETEROS.

1130 1180 1181 1248 Ῑ.

334 1299 440 1356 Sor.
478 1301 541 1357 in
584 1300 833 1358 Cumano
871 1305 1107 1357 exeunte
1143 1319 1332 1359 mense
1368 1303 1552 1374 Aprili
1589 1319 1637 1357 a.
1676 1319 1729 1358 u.
1768 1320 1814 1357 c.
1855 1308 1973 1358 705.

467 1500 477 1511 ‚
582 1443 659 1499 M.
699 1442 956 1499 CICERO
996 1443 1049 1500 S.
1088 1445 1153 1500 D.
1195 1444 1346 1500 SER.
1388 1443 1731 1500 SULPICIO.

341 1549 403 1618 O.
439 1553 806 1638 Trebatius,
849 1554 1187 1619 familiaris
1234 1575 1434 1640 meus,
1479 1553 1560 1618 ad
1596 1574 1698 1617 me
1746 1552 2002 1637 scripsit
2044 1555 2109 1617 te
2152 1571 2180 1623 1

233 1658 296 1703 ex
334 1663 396 1706 se
441 1643 800 1727 quaesisse,
846 1644 1076 1727 quibus
1121 1644 1194 1708 in
1235 1644 1395 1708 locis
1442 1664 1674 1728 essem,
1718 1642 2112 1726 molesteque

234 1729 285 1792 te
321 1729 496 1816 ferre,
543 1732 721 1816 quod
765 1754 868 1795 me
904 1735 1169 1817 propter
1204 1731 1636 1796 valetudinem
1671 1734 1871 1815 tuam,
1918 1752 2113 1815 quum

234 1815 300 1881 ad
329 1820 549 1886 urbem
591 1821 1018 1906 accessissem,
1063 1842 1199 1887 non
1234 1820 1521 1905 vidisses,
1565 1823 1630 1885 et
1665 1820 1789 1886 hoc
1824 1823 2113 1905 tempore

233 1907 371 1973 velle
411 1914 476 1975 te
522 1930 805 1993 mecum,
863 1911 918 1974 si
962 1911 1229 1995 propius
1284 1910 1720 1994 accessissem,
1775 1909 1852 1973 de
1900 1909 2112 1974 officio

184 2016 191 2022 ·
235 1997 538 2082 utriusque
605 2002 902 2064 nostrum
965 1999 1453 2064 communicare.
1559 1996 1856 2082 Utinam,
1919 1995 2115 2079 Servi,

236 2085 404 2152 salvis
446 2087 642 2152 rebus
687 2121 776 2134 --
821 2088 912 2152 sic
958 2088 1131 2151 enim
1178 2090 1278 2151 est
1321 2086 1659 2152 dicendum
1703 2123 1792 2132 —
1838 2086 2115 2169 colloqui

236 2175 643 2254 potuissemus
697 2176 869 2241 inter
912 2177 1058 2241 nos!
1122 2175 1414 2260 profecto
1452 2175 1708 2259 'aliquid
1766 2175 1906 2259 opis
1954 2174 2113 2240 occi·

237 2258 393 2327 denti
434 2266 527 2330 rei
574 2264 867 2350 publicae
911 2264 1307 2329 tulissemus:
1364 2284 1713 2349 cognoram
1769 2263 1941 2327 enim
1985 2262 2116 2326 iam

240 2348 446 2417 absens
498 2356 565 2418 te
619 2353 780 2418 haec
832 2353 1005 2417 mala
1057 2353 1262 2418 multo
1318 2356 1468 2416 ante
1522 2352 1965 2436 providentem
2011 2350 2116 2416 de·

240 2433 535 2506 sensorem
579 2441 758 2525 pacis
804 2444 871 2506 et
912 2441 982 2506 in
1028 2442 1365 2506 consulatu
1409 2444 1523 2506 tuo
1570 2444 1635 2505 et
1687 2444 1837 2525 post
1890 2461 2117 2506 consu·

240 2522 421 2592 latum
481 2529 707 2614 fuisse3
771 2550 891 2615 ego
956 2533 1199 2614 autem,
1271 2551 1468 2613 quum
1531 2529 1869 2594 consilium
1932 2532 2116 2593 tuum

242 2615 555 2694 probarem
600 2622 666 2683 et
707 2617 878 2682 idem
921 2618 1060 2703 ipse
1107 2618 1444 2701 sentirem,
1480 2617 1644 2682 nihil
1686 2617 2116 2703 proficiebam,

172 2772 178 2778 ,
246 2720 366 2768 sero
407 2706 576 2771 enim
619 2727 950 2792 veneram,
994 2709 1169 2773 solus
1216 2728 1410 2790 eram,
1452 2707 1628 2771 rudis
1673 2727 1810 2770 esse
1855 2703 2118 2771 videbar

243 2786 317 2852 in.
341 2811 547 2879 causa,
589 2794 939 2861 incideram
983 2796 1056 2860 in
1097 2795 1436 2860 hominum
1479 2794 1813 2880 pugnandi
1860 2792 2116 2884 cupido·

247 2895 370 2943 rum
416 2883 715 2949 insanias.
802 2888 1015 2969 Nunc,
1069 2885 1376 2969 quoniam
1429 2883 1593 2948 nihil
1645 2884 1774 2947 iam
1829 2880 2118 2946 videmur

251 2967 522 3049 opitulari
565 2994 755 3058 posse
807 2973 902 3038 rei
955 2973 1273 3058 publicae,
1339 2972 1394 3036 si
1458 2970 1609 3055 quid
1674 2974 1799 3055 est,
1855 2970 1925 3035 in
1990 2991 2115 3053 quo

250 3054 541 3125 nobismet
589 3062 749 3147 ipsis
804 3063 1135 3127 consulere
1180 3061 1499 3147 possimus
1508 3110 1527 3144 ,
1579 3078 1715 3125 non
1757 3061 1834 3124 ut
1878 3058 2118 3143 aliquid

256 3159 318 3205 ex
355 3148 612 3228 pristino
660 3153 836 3216 statu
882 3154 1105 3215 nostro
1159 3150 1577 3234 retineamus,
1633 3147 1744 3213 sed
1796 3150 1871 3212 ut
1923 3166 2116 3232 quam

254 3223 668 3304 honestissime
712 3239 1076 3324 lugeamuS,
1119 3258 1310 3303 nemo
1359 3241 1459 3300 est
1502 3237 1815 3318 omnium,
1862 3237 2117 3319 quicum

263 3320 441 3402 potius
490 3327 647 3392 mihi
699 3349 893 3412 quam
945 3330 1160 3391 tecum
1215 3323 1816 3390 communicandum
1870 3323 2117 3405 putem3

263 3420 357 3472 nec
410 3415 572 3480 enim
635 3416 1135 3501 clarissimorum
1188 3413 1498 3494 virorum,
1553 3427 1824 3493 quorum
1880 3405 2117 3470 similes

262 3512 373 3562 esse
413 3501 731 3590 debemus,
785 3504 1077 3588 exempla
1118 3520 1327 3586 neque
1374 3496 1912 3572 doctissimorum,
1958 3508 2116 3570 quos
