2338 3691
244 104 376 170 344
458 106 535 162 M.
573 105 818 161 TULLII
854 103 1235 160 CICERONIS
1271 104 1787 162 EPISTOLARUM
1822 109 1890 163 X.
1928 115 2015 166 35.

1051 371 1326 440 XXXV.

313 485 462 541 Data
500 487 587 541 est
623 502 657 539 a.
692 480 872 540 Ponte
906 485 1189 556 Argenteo
1226 487 1321 541 III.
1360 486 1484 541 Kal.
1523 487 1641 542 Iun.
1680 503 1728 540 a.
1768 500 1820 541 u.
1860 503 1906 542 c.
1947 493 2064 543 ⁷11.

235 610 322 666 M.
360 609 668 665 LEPIDUS
705 609 852 663 IMP.
888 608 1080 664 ITER.
1118 609 1494 666 PONTIFEX
1529 610 1705 665 MAX.
1747 610 1799 666 S.
1828 611 1894 667 D.
1933 611 2150 666 SENA-

553 680 681 735 TUI
714 679 1001 735 POPULO
1038 680 1401 747 PLEBIQUE
1439 681 1815 737 ROMANAE.

165 799 195 848 1
367 777 429 845 S.
473 802 532 845 v.
576 779 888 864 liberique
933 781 1133 846 vestri
1176 803 1235 846 v.
1278 781 1340 846 b.
1386 803 1439 847 e.
1486 804 1539 847 e.
1585 803 1645 866 q.
1682 805 1741 847 v.
1812 781 1987 847 Deos
2030 782 2147 849 ho-

230 868 563 953 minesque
622 872 854 953 testor,
905 871 1123 952 patres
1189 871 1563 955 conscripti,
1625 892 1753 954 qua
1805 874 2023 936 mente
2081 876 2151 936 et

231 980 360 1042 quo
397 958 614 1023 animo
652 978 904 1042 semper
937 957 1008 1021 in
1043 979 1182 1023 rem
1215 959 1542 1043 publicam
1577 958 1810 1024 fuerim
1845 963 1912 1025 et
1952 981 2140 1045 quam

228 1046 395 1111 nihil
440 1046 768 1131 antiquius
815 1047 1142 1112 communi
1186 1048 1395 1113 salute
1440 1070 1519 1113 ac
1561 1047 1860 1113 libertate
1905 1048 2144 1113 iudica-

229 1137 379 1220 rim3
423 1135 596 1220 quod
641 1134 824 1200 vobis
868 1135 1049 1200 brevi
1082 1136 1478 1221 probassem,
1520 1137 1650 1201 nisi
1683 1137 1845 1202 mihi
1879 1136 2145 1202 fortuna

227 1225 563 1310 proprium
607 1224 949 1290 consilium
994 1225 1394 1309 extorsisset3
1438 1247 1593 1290 nam
1631 1226 1944 1291 exercitus
1992 1247 2142 1291 cun-

229 1317 372 1379 ctus
425 1312 956 1379 consuetudinem
1018 1334 1204 1379 suam
1255 1314 1328 1379 in
1381 1313 1626 1379 civibus
1686 1314 2142 1379 conservandis

228 1402 680 1487 communique
741 1422 900 1486 pace
968 1401 1285 1469 seditione
1344 1402 1523 1467 facta
1583 1403 1854 1467 retinuit
1914 1422 2141 1487 meque

225 1494 448 1556 tantae
493 1490 927 1556 multitudinis
972 1491 1209 1557 civium
1265 1490 1709 1557 Romanorum
1765 1491 1994 1556 salutis
2048 1495 2139 1557 at?

228 1600 355 1663 que
397 1579 863 1645 incolumitatis
908 1600 1172 1645 causam
1216 1580 1557 1664 suscipere,
1600 1584 1676 1645 ut
1719 1601 1868 1644 vere
1913 1579 2140 1662 dicam,

154 1682 190 1732 2
227 1667 626 1752 cossgit.1n
671 1689 802 1753 qua
842 1689 914 1734 re
960 1689 1081 1753 ego
1126 1690 1272 1753 vos,
1323 1672 1540 1753 patres
1596 1668 1970 1770 conscripti,
2025 1690 2136 1734 oro

225 1759 421 1840 atque
449 1756 735 1839 obsecro,
769 1760 845 1822 ιιι
878 1757 1150 1841 privatis
1186 1756 1651 1823 offensionibus
1688 1757 1942 1822 omissis
1970 1779 2137 1827 sum-

224 1866 369 1909 mae
412 1844 507 1910 rei
550 1844 849 1929 publicae
891 1848 1243 1912 consulatis
1278 1868 1441 1912 neve
1477 1844 1980 1912 misericordiam
2025 1868 2136 1912 no·

226 1936 429 1998 stram
473 1934 913 2018 exercitusque
957 1936 1166 2000 nostri
1219 1935 1293 2000 in
1335 1935 1508 2000 civili
1562 1934 1960 2000 dissensione
2008 1956 2134 1999 sce-

223 2021 374 2086 leris
437 2021 581 2087 loco
643 2023 922 2106 ponatis.
1039 2022 1225 2099 Quod
1297 2024 1353 2088 si
1419 2024 1646 2088 salutis
1709 2024 2000 2088 omnium
2063 2044 2135 2087 ac

225 2108 561 2194 dignitatis
614 2110 934 2176 rationem
986 2110 1371 2196 habueritis,
1433 2112 1661 2176 melius
1716 2115 1783 2175 et
1834 2111 2017 2177 vobis
2073 2115 2138 2176 et

223 2198 318 2261 rei
360 2198 655 2282 publicae
709 2199 1077 2265 consuletis.
1177 2198 1260 2267 D.
1304 2214 1407 2263 111.
1452 2199 1597 2264 Kal.
1641 2200 1787 2265 Iun.
1843 2222 1883 2265 a
1926 2199 2135 2265 Ponte

222 2285 577 2373 Argentea
