2338 3691
695 132 1217 190 EPISTOLARUM
1254 134 1320 189 V.
1359 141 1407 189 8.
1447 141 1495 190 9.
1927 134 2052 200 131

173 274 354 359 magis
395 297 536 341 sum
563 273 813 343 Publio
859 277 1142 364 deditus,
1189 278 1362 364 quod
1406 301 1536 364 me,
1581 302 1972 383 quamquam
2017 303 2057 346 a

170 364 416 445 pueritia
469 387 589 431 sua
645 388 922 451 semper,
980 371 1205 432 tamen
1257 367 1382 433 hoc
1435 371 1725 453 tempore
1779 369 2056 434 maxime

171 450 313 517 sicut
353 454 629 520 alterum
672 459 1006 539 parentem
1052 460 1119 522 et
1163 457 1464 522 observat
1507 459 1575 522 et
1617 457 1846 543 diligit.
1916 457 2126 522 Has5

169 540 387 607 litteras
429 544 629 609 velim
673 544 996 610 existimes
1037 545 1316 611 foederis
1352 545 1689 611 habituras
1725 567 1863 611 esse
1908 547 2057 632 vim,

168 649 282 694 non
322 631 653 717 epistolae,
698 653 926 718 meque
972 655 1066 717 ea,
1111 656 1277 718 quae
1321 634 1443 698 tibi
1481 636 1792 719 promitto
1839 656 1916 699 ac
1958 656 2055 699 re-

169 717 328 803 cipio,
370 722 777 786 sanctissime
822 743 962 787 esse
1008 723 1497 788 observaturum
1543 723 2057 809 diligentissime-

169 826 270 890 que
319 829 453 874 esse
507 809 863 875 facturum.
927 831 1090 894 quae
1146 833 1188 876 a
1242 833 1346 876 me
1406 815 1705 896 suscepta
1767 811 2056 878 defensio

169 899 251 959 est
285 899 347 962 te
391 898 664 964 absente
710 898 1046 984 dignitatis
1089 903 1271 984 tuae,
1323 901 1395 965 in
1449 921 1527 964 ea
1568 900 1700 964 iam
1754 920 1876 986 ego
1921 921 2058 965 non

170 984 350 1049 88111111
384 987 711 1053 amicitiae
747 991 1026 1072 nostrae,
1063 988 1177 1053 sed
1213 988 1410 1053 etiam
1446 989 1850 1053 constantiae
1875 1010 2057 1053 meae

170 1093 337 1138 causa
376 1076 792 1160 permanebo.
865 1074 1297 1152 Quamobrem
1342 1076 1499 1141 satis
1545 1098 1683 1142 8888
1729 1078 1854 1142 hoc
1897 1081 2057 1143 tem·

167 1182 300 1262 pore
342 1164 696 1230 arbitratus
733 1187 875 1230 sum
909 1164 1036 1230 hoc
1071 1165 1153 1230 ad
1192 1169 1260 1230 te
1297 1165 1599 1230 scribere.
1644 1187 1784 1249 1118,-
1811 1166 1867 1230 81
1903 1166 2059 1250 quid

167 1250 283 1333 ipse
331 1252 763 1340 intelligerem
817 1257 932 1320 aut
995 1253 1077 1319 ad
1129 1255 1532 1320 voluntatem
1585 1257 1701 1318 aut
1748 1216 1835 1319 ²ad
1890 1275 2057 1319 com·

169 1339 401 1405 modum
447 1347 565 1408 aut
611 1342 694 1408 ad
739 1342 1230 1428 amplitudinem
1280 1346 1464 1407 tuam
1507 1343 1858 1428 pertinere,
1915 1363 2059 1407 mea

172 1433 372 1511 sponte
415 1431 484 1496 id
530 1452 673 1496 esse
726 1431 1078 1515 facturum3
1132 1432 1236 1496 sin
1289 1434 1506 1496 autem
1561 1430 1891 1515 quidpiam
1946 1433 2061 1494 aut

173 1536 204 1577 a
245 1521 304 1581 te
354 1540 566 1585 essem
629 1519 998 1585 admonitus
1061 1523 1178 1585 aut
1229 1542 1269 1585 a
1320 1521 1478 1604 tuis,
1532 1520 1933 1603 effecturum,
1984 1522 2061 1583 ut

172 1603 542 1694 intelligeres
593 1608 758 1673 nihil
811 1630 1020 1692 neque
1072 1612 1139 1673 te
1195 1608 1525 1694 scripsisse
1580 1630 1788 1693 neque
1843 1629 2060 1692 quem·

175 1713 338 1775 quam
386 1701 656 1764 tuorum
707 1696 952 1762 frustra
1014 1698 1096 1762 ad
1157 1719 1261 1763 me
1327 1697 1648 1763 detulisse.
1739 1696 2059 1773 Quamob-

175 1802 287 1848 rem
325 1787 522 1852 velim
575 1786 670 1851 ita
715 1789 782 1851 et
822 1786 963 1872 ipse
1015 1786 1098 1852 ad
1152 1808 1257 1852 me
1311 1786 1556 1852 scribas
1608 1786 1687 1852 de
1742 1784 2060 1871 omnibus,

176 1873 425 1940 minimis
481 1876 782 1940 maximis
825 1874 1281 1960 mediocribus,
1332 1877 1552 1960 rebus,
1609 1879 1686 1940 ut
1729 1875 1812 1940 ad
1853 1875 2061 1940 homi-

176 1979 300 2025 nem
340 1964 820 2048 amicissimum,
865 1967 932 2030 et
972 1965 1103 2029 tuis
1140 1965 1516 2049 praecipias,
1560 1967 1635 2028 ut
1670 1985 1868 2049 opera
1911 1984 2060 2029 con-

178 2048 321 2136 silio,
372 2053 759 2119 auctoritate
813 2052 1026 2139 gratia
1075 2074 1223 2118 mea
1276 2053 1368 2118 sic
1411 2056 1682 2118 utantur
1732 2052 1802 2117 in
1859 2052 2061 2118 omni·

176 2102 321 2223 11118,
356 2141 633 2226 publicis
696 2141 992 2226 privatis,
1047 2142 1415 2208 forensibus
1478 2140 1870 2225 domesticis,
1930 2141 2061 2205 tuis

179 2227 504 2295 amicorum
548 2230 878 2315 hospitum
924 2231 1257 2296 clientium
1299 2233 1577 2314 tuorum,
1620 2229 1928 2316 negotiis,
1971 2232 2065 2313 ut,

180 2317 327 2396 quod
368 2319 507 2384 eius
552 2319 691 2384 fieri
735 2319 969 2405 possit,
1025 2319 1429 2405 praesentiae
1481 2322 1634 2384 tuae
1679 2317 2064 2383 desiderium

180 2422 299 2469 meo
341 2408 562 2473 labore
607 2407 952 2473 minuatur.

954 2597 964 2607 ”
1045 2600 1161 2668 IX.

187 2706 280 2762 Scr.
314 2711 370 2765 in
406 2714 606 2768 castris
641 2714 902 2769 Naronae
931 2731 981 2769 a.
1011 2715 1063 2768 d.
1092 2715 1161 2768 V.
1200 2715 1329 2769 Idus
1358 2712 1666 2779 Quinctiles
1695 2730 1744 2767 a.
1773 2730 1827 2766 u.
1857 2727 1905 2766 c.
1944 2717 2064 2766 709.

474 2838 826 2894 VATINIUS
863 2839 1010 2894 IMP.
1036 2826 1380 2894 CICERONI
1418 2837 1555 2893 SUO
1595 2837 1746 2893 SAL.

299 2934 356 3002 S.
398 2938 479 3003 V.
524 2937 599 3003 B.
643 2937 720 3002 E.
765 2937 842 3002 E.
887 2937 967 3003 V.
1058 2935 1127 3002 Si
1179 2940 1360 3002 tuam
1415 2936 1944 3002 consuetudinem
1993 2935 2067 3001 in
2104 2948 2134 2999 1

189 3027 534 3104 patrociniis
595 3027 853 3092 tuendis
916 3048 1160 3109 servaS,
1221 3025 1292 3091 P.
1346 3025 1650 3092 Vatinius
1704 3025 1903 3090 cliens
1958 3024 2068 3089 ad-

191 3114 367 3198 venit,
428 3116 536 3200 qui
584 3138 714 3218 ‘pro
770 3136 838 3180 se
891 3136 1154 3180 causam
1207 3114 1403 3178 dicier
1447 3114 1611 3178 vult:
1674 3134 1836 3197 non,
1888 3117 2068 3197 puto,

193 3166 526 3284 repudiabis
579 3204 650 3269 in
700 3204 975 3288 honore,
1037 3224 1229 3287 quem
1281 3203 1353 3266 in
1405 3202 1690 3287 periculo
1753 3201 2067 3284 recepisti.

193 3283 316 3374 Ego
384 3296 594 3359 autem
666 3312 856 3378 quem
926 3293 1144 3377 potius
1218 3289 1520 3373 adoptem
1592 3292 1707 3353 aut
1774 3288 2068 3353 invocem

314 3482 408 3554 Ep.
445 3493 494 3556 8,
516 3493 565 3541 5.
637 3486 822 3558 quoad
856 3485 972 3540 eius
1005 3483 1130 3552 fieri
1152 3481 1311 3550 (edd.
1350 3480 1546 3548 vett.)⁴?
1570 3564 1645 3619 9*
