2338 3691
777 129 1297 200 EPISTOLARUM
1333 126 1455 183 XV.
1497 137 1547 185 2.
1989 132 2118 197 503

195 297 313 339 suo
382 275 674 360 accipere
737 297 867 340 non
934 275 1248 361 potuisse3
1320 297 1388 340 se
1451 279 1673 340 tamen
1743 279 1894 341 ante
1957 277 2117 341 illud

193 366 453 447 tempus
501 385 649 427 eam
692 367 828 442 rem
872 385 1228 448 numquam
1270 363 1341 428 in
1376 364 1658 429 medium
1701 368 1965 449 propter
2008 386 2115 449 pe-

192 451 381 515 riculi
426 456 680 517 metum
722 440 1084 536 protulisse.
1166 451 1343 528 Quae
1389 474 1587 538 quum
1632 456 1802 517 esset
1844 453 2117 538 locutuS,

192 540 422 604 monui
468 561 711 625 regem,
757 544 832 605 ut
876 562 1132 605 omnem
1174 540 1576 642 diligentiam
1620 540 1702 605 ad
1749 562 1817 605 se
1864 561 2115 606 conser-

191 627 484 693 vandum
531 628 887 714 adhiberet,
932 629 1296 714 amicosque
1323 630 1411 709 †
1394 651 1463 693 1n
1507 630 1709 713 patris
1750 629 1887 693 eius
1923 632 2115 714 atque

191 715 432 782 iudicio
499 717 814 802 probatos
884 717 1184 782 hortatus
1258 740 1426 801 sum,
1497 718 1669 803 regis
1742 717 1842 783 sui
1914 717 2117 782 vitam

192 803 367 869 docti
416 826 578 870 casu
625 806 1032 872 acerbissimo
1078 806 1282 891 patris
1330 806 1464 870 eius
1502 806 1681 870 omni
1716 828 1870 872 cura
1907 810 2115 871 custo-

191 892 427 976 diaque
496 893 939 959 defenderent.
1047 893 1258 970 Quum
1320 916 1431 959 rex
1491 917 1530 959 a
1592 917 1693 959 me
1758 894 2115 979 equitatum
2153 908 2183 959 ‘1

193 980 631 1065 cohortesque
686 982 763 1047 de
810 982 1090 1048 exercitu
1133 1004 1278 1047 meo
1324 983 1707 1070 postularet,
1763 983 1885 1047 etsi
1928 983 2115 1046 intel-

195 1068 481 1153 ligebam
544 1074 758 1136 vestro
815 1074 1077 1136 senatus
1133 1072 1429 1136 consulto
1483 1092 1618 1136 non
1681 1070 1871 1136 modo
1926 1091 2116 1154 posse

197 1178 301 1220 me
344 1157 414 1221 id
457 1158 703 1242 facere,
758 1159 870 1223 secl
924 1160 1118 1223 etiam
1165 1159 1421 1244 debere,
1474 1163 1719 1243 tamen,
1774 1180 1970 1243 quum
2013 1180 2117 1223 res

198 1246 459 1328 publica
537 1247 895 1330 postularet
963 1250 1230 1332 propter
1301 1247 1711 1333 quotidianos
1784 1269 1861 1311 ex
1932 1244 2117 1330 Syria

197 1336 467 1399 nuntios
481 1385 498 1418 ,
563 1338 639 1398 ut
700 1357 894 1420 quam
956 1336 1237 1419 primum
1301 1337 1649 1401 exercitum
1711 1335 1792 1399 ad
1857 1331 2116 1399 Ciliciae

198 1422 361 1486 fines
408 1423 820 1507 adducerem,
876 1445 1199 1508 quumque
1243 1424 1403 1489 mihi
1446 1446 1559 1488 rex
1602 1423 1942 1508 patefactis
1986 1422 2118 1486 iam

199 1510 454 1575 insidiis
522 1532 657 1576 non
729 1532 915 1597 egere
988 1512 1267 1577 exercitu
1339 1513 1564 1596 populi
1623 1512 1934 1595 Romani,
2006 1510 2165 1575 sed⁴

200 1620 391 1682 posse
438 1619 505 1663 se
550 1601 682 1664 suis
730 1600 958 1701 opibus
1004 1600 1344 1666 defendere
1389 1601 1742 1683 videretur,
1785 1601 1968 1664 illum
2015 1619 2117 1663 co-

200 1686 504 1751 hortatus
551 1709 720 1771 sum,
765 1691 841 1752 ut
881 1689 954 1752 in
999 1711 1117 1753 sua
1167 1689 1304 1754 vita
1348 1650 1788 1754 conservanda
1838 1689 2117 1789 primum

202 1795 478 1860 regnare
544 1776 839 1840 disceret.
905 1798 944 1840 a
1003 1777 1234 1861 quibus
1296 1778 1726 1862 perspexisset
1788 1776 1911 1840 sibi
1962 1775 2115 1840 insi-

205 1863 342 1928 dias
410 1867 700 1949 paratas,
770 1865 840 1928 in
903 1887 1013 1930 eos
1077 1869 1365 1930 uteretur
1426 1867 1564 1931 iure
1626 1867 1833 1951 regio;
1905 1887 2117 1949 poena

205 1952 495 2017 afficeret
531 1974 661 2037 eOS,
707 1974 868 2038 quos
903 1974 1163 2018 necesse
1201 1958 1387 2038 esset,
1430 1956 1711 2039 reliquos
1747 1957 1924 2018 metu
1959 1953 2115 2018 libe·

204 2043 404 2123 raret3
467 2041 786 2125 praesidio
851 2041 1165 2106 exercitus
1227 2043 1358 2106 mei
1419 2043 1500 2107 ad
1564 2064 1812 2126 eorum,
1872 2041 1984 2127 qui
2045 2042 2116 2105 in
2170 2111 2177 2120 ,

206 2129 397 2212 culpa
435 2133 667 2212 essent,
706 2129 1005 2194 timorem
1038 2130 1256 2214 potius
1295 2152 1488 2214 quam
1524 2131 1606 2195 ad
1634 2130 2116 2196 contentionem

207 2219 522 2298 uteretur3
572 2218 714 2282 fore
768 2221 985 2283 autem
993 2268 1012 2302 ,
1063 2221 1139 2282 ut
1193 2240 1443 2303 omneS,
1502 2219 1806 2304 quoniam
1853 2220 2114 2282 senatus
2156 2277 2159 2279 Α

146 2342 149 2343 ⁷
209 2304 578 2368 consultum
629 2309 922 2391 nossent,
973 2306 1413 2391 intelligerent
1462 2327 1565 2371 me
1619 2306 1785 2390 regi,
1843 2305 1900 2369 si
1953 2326 2115 2389 opus

208 2394 396 2474 esset,
443 2413 520 2456 ex
566 2394 944 2458 auctoritate
990 2397 1206 2459 vestra
1249 2394 1570 2478 praesidio
1615 2394 1922 2458 futurum.
2013 2392 2116 2456 Ita
2151 2409 2186 2458 8

206 2479 587 2545 confirmato
633 2481 747 2547 illo
793 2503 871 2546 ex
916 2504 993 2547 eo
1037 2483 1179 2547 loco
1226 2486 1437 2547 castra
1479 2482 1680 2566 movi,
1731 2482 1855 2546 iter
1898 2482 1969 2546 in
2014 2478 2115 2546 Oi·

205 2567 422 2632 liciam
465 2569 677 2634 facere
730 2569 1003 2654 institui,
1021 2589 1217 2653 quum
1247 2570 1372 2635 hac
1427 2571 1730 2654 opinione
1785 2593 1820 2635 e
1867 2567 2115 2653 Cappa-

206 2655 393 2720 docia
428 2656 836 2742 discederem,
879 2662 954 2722 ut
989 2657 1258 2722 consilio
1294 2663 1529 2742 vestro,
1565 2679 1717 2723 casu
1756 2657 2118 2722 incredibili

207 2764 282 2807 ac
328 2765 531 2828 paene
569 2745 788 2810 divino
824 2767 1062 2830 regem,
1097 2768 1288 2830 quem
1327 2769 1443 2812 vos
1470 2746 2115 2812 honorificentissime

207 2833 650 2915 appellassetis
705 2834 884 2898 nullo
938 2835 1310 2919 postulante
1365 2856 1679 2920 quemque
1741 2856 1921 2900 meae
1966 2832 2116 2919 fidei

206 2921 775 2986 commendassetis
822 2925 887 2986 et
930 2923 1110 2987 cuius
1153 2923 1427 2987 salutem
1470 2944 1745 3009 magnae
1781 2923 1963 2988 vobis
2009 2944 2113 2988 cu-

205 3029 313 3072 rae
376 3030 516 3074 esse
581 3010 983 3094 decressetiS,
1045 3032 1226 3076 meus
1290 3011 1602 3076 adventus
1665 3010 2113 3096 praesentibus

344 3181 447 3252 Ep.
488 3189 538 3251 2,
569 3189 617 3238 6.
691 3185 993 3252 amicosque
1026 3188 1064 3250 †
1100 3185 1163 3238 in
1198 3186 1387 3253 patris
1430 3201 1473 3239 e.
1520 3189 1680 3252 atque
1722 3185 1931 3238 iudicio
1976 3184 2111 3253 (ΜΗ)

207 3266 258 3303 α.
285 3267 348 3320 Ρ.
386 3269 428 3306 e
467 3254 662 3330 avique
694 3255 811 3309 iud.
851 3253 1110 3338 (Schott.)
1144 3256 1246 3309 aut
1281 3271 1334 3309 α.
1361 3255 1476 3308 iam
1502 3271 1565 3323 Ρ.
1592 3271 1637 3308 e.
1673 3259 1833 3324 atque
1867 3256 1962 3310 avi
1994 3256 2112 3310 iud.

208 3319 310 3390 (L.)
340 3325 441 3377 aut
467 3341 519 3378 a.
538 3340 602 3393 Ρ.
622 3341 663 3378 e.
693 3329 853 3394 atque
881 3326 974 3380 avi
999 3325 1114 3380 iud.
1137 3324 1389 3394 (Popma,
1409 3325 1511 3394 B..)
1542 3355 1609 3364 —
1627 3325 1890 3392 probatos
1917 3325 2111 3380 cohort.

205 3390 372 3461 (W.)?
440 3395 672 3463 probato
707 3395 956 3450 hortatus
981 3395 1056 3449 M.
1095 3427 1162 3440 -
1200 3411 1337 3461 sum,
1363 3396 1595 3464 utreqis
1623 3394 1733 3463 (W.
1734 3396 1789 3463 )‘?
1863 3400 1913 3449 7.
1949 3395 2113 3450 disce·

204 3465 672 3536 ret.a....q<W)
746 3467 836 3532 d„-
871 3464 1112 3536 aqu
