2338 3691
504 138 1022 196 EPISTOLARUM
1057 139 1156 195 AD
1197 138 1258 205 Q.
1298 127 1664 194 FRATREM
1697 144 1763 196 fl.
1803 149 1885 196 16.
2016 140 2144 204 617

231 281 550 348 debueritz
615 305 654 349 0
699 284 1011 374 iucundas
1056 284 1217 349 mihi
1260 286 1409 348 tuas
1456 283 1535 348 de
1580 283 1920 350 Britannia
1973 284 2141 349 litte·

229 373 363 435 ras!
464 371 799 437 Timebam
862 371 1222 456 Oceanum,
1282 372 1593 436 timebam
1649 373 1803 437 litus
1865 372 2138 437 insulae·

226 458 478 543 reliqua
541 481 676 525 non
738 460 1033 544 equidem
1094 463 1466 545 contemno,
1530 459 1641 525 sed
1694 461 1840 545 plus
1899 460 2142 525 habent

230 550 452 611 tamen
499 549 637 632 spei
682 569 875 631 quam
918 549 1197 632 timoris,
1249 549 1582 633 magisque
1628 570 1768 613 sum
1829 548 2141 613 sollicitus

232 636 708 719 exspectatione
772 658 849 701 ea
911 658 1104 720 quam
1166 639 1362 701 metu.
1461 635 1552 701 Te
1604 658 1756 702 vero
1809 630 2144 701 ὑπόθεσιν

233 723 554 788 scribendi
582 725 907 809 egregiam
932 724 1172 789 habere
1207 725 1419 789 video:
1467 746 1628 808 quos
1654 728 1727 788 tu
1766 724 1944 809 situs,
1980 746 2140 808 quas

232 814 499 876 naturas
556 833 771 879 rerum
816 816 882 876 et
925 813 1240 897 locorum,
1284 832 1447 897 quos
1492 832 1728 896 mores,
1782 834 1942 896 quas
1987 832 2141 897 gen-

230 902 359 983 tes,
421 920 581 984 quas
643 921 927 985 pugnata,
989 922 1179 984 quem
1237 922 1389 966 vero
1435 902 1647 984 ipsum
1689 901 2142 985 imperatorem

229 986 461 1052 habes!
534 994 673 1073 Ego
717 991 783 1052 te
819 989 1113 1072 libenter,
1155 992 1232 1052 ut
1265 1009 1477 1073 rogas,
1522 988 1754 1072 quibus
1798 988 1989 1053 rebus
2026 989 2141 1072 vie,

230 1075 552 1141 adiuvabo
616 1079 683 1140 et
742 1076 864 1141 tibi
927 1097 1175 1160 versus,
1238 1098 1399 1160 quos
1463 1097 1688 1160 10888,
1749 1070 1981 1157 γλαῦκ’
2046 1078 2142 1151 εἰς

223 1155 537 1247 Ἀθήνας,
582 1165 853 1228 mittam.
944 1162 1069 1229 Sed
1113 1164 1274 1229 heus
1319 1167 1419 1247 tu,
1466 1164 1657 1228 celari
1701 1164 1920 1229 videor
1965 1186 2004 1227 a
2047 1168 2138 1228 te:
2165 1174 2194 1216 ὃ

231 1252 728 1354 quomodonam‚
764 1253 853 1317 mi
886 1252 1106 1337 frater,
1143 1252 1223 1317 de
1259 1253 1499 1319 nostris
1533 1252 1822 1317 versibus
1861 1248 2140 1316 Caesar?

231 1360 388 1405 nam
430 1341 711 1441 primum
744 1341 982 1405 librum
1018 1361 1086 1405 se
1124 1341 1358 1427 legisse
1397 1341 1654 1425 scripsit
1697 1340 1776 1404 ad
1823 1362 1925 1404 me
1972 1344 2142 1423 ante,

233 1430 300 1492 et
351 1429 560 1512 prima
615 1428 734 1513 sic,
794 1431 870 1493 ut
922 1432 1119 1514 neget
1163 1449 1231 1492 se
1276 1451 1359 1493 ne
1405 1426 1648 1493 Graeca
1701 1428 1957 1511 quidem
2011 1450 2140 1492 me·

231 1515 399 1581 liora
440 1517 701 1602 legisse3
762 1517 1010 1601 reliqua
1069 1516 1150 1581 ad
1206 1516 1526 1600 quendam
1583 1516 1795 1582 locum
1841 1512 2141 1602 ῥᾳθυμό-

230 1626 389 1688 τερα
415 1639 501 1651 -
529 1605 656 1669 hoc
700 1605 873 1670 enim
915 1605 1122 1670 utitur
1156 1604 1354 1670 verbo
1384 1640 1489 1670 —-.
1540 1604 1664 1669 Dic
1698 1604 1856 1668 mihi
1891 1626 2140 1669 verum:

231 1714 391 1757 num
436 1695 551 1758 aut
585 1713 688 1757 res
724 1713 870 1757 eum
907 1696 1021 1758 aut
1055 1687 1388 1778 χαρακτὴρ
1430 1713 1566 1757 11011
1612 1692 1931 1758 delectat?
1976 1692 2140 1757 nihil

90 1779 103 1794 ⁸
233 1784 353 1866 est,
397 1780 569 1866 quod
613 1799 900 1864 vereare3
947 1800 1068 1867 880
1115 1781 1289 1845 enim
1333 1801 1416 1845 ne
1459 1781 1594 1865 pilo
1636 1780 1891 1865 quidem
1926 1781 2139 1847 minus

230 1873 300 1933 te
345 1870 595 1935 amabo.
669 1869 814 1935 Hac
859 1870 937 1935 de
982 1891 1055 1936 re
1096 1869 1488 1954 φιλαληθῶς
1533 1873 1616 1955 et,
1659 1873 1734 1934 ut
1776 1871 1943 1936 soles
1990 1870 2138 1934 scri-

230 1956 402 2042 bere,
443 1958 748 2023 fraterne.

375 2182 478 2254 Ep.
522 2189 603 2252 15,
632 2190 681 2239 5.
752 2201 964 2240 verum.-
1017 2201 1150 2239 num
1204 2182 1353 2256 (W.).
1442 2200 1520 2255 v.,
1564 2201 1698 2241 num
1740 2184 1925 2254 vulgo.
1970 2213 2040 2224 -
2088 2187 2139 2240 te

231 2254 428 2309 amabo
466 2226 854 2326 (Α1(1’118).η18
889 2273 941 2310 a.
978 2255 1162 2325 MRI„
1198 2255 1258 2309 B.
1308 2285 1373 2296 -—
1420 2259 1488 2321 et,
1521 2259 1586 2309 ut
1618 2255 1751 2309 soles
1784 2252 2029 2321 scribere,
2061 2254 2135 2321 fir.

224 2320 406 2463 ΣΜΒἿ
445 2325 743 2467 'gafrHl-ft
768 2331 850 2393 tu,
887 2325 952 2380 Β.
981 2331 1045 2380 ut
1069 2327 1173 2394 tu).
1244 2330 1311 2392 et,
1344 2330 1411 2380 ut
1443 2340 1507 2392 8.,
1541 2325 1712 2381 scribe
1736 2324 1809 2393 fr.
1846 2322 2017 2395 vulgo
2054 2325 2141 2392 (ut

966 2675 1387 2692 ..w
