2338 3691
719 129 1238 187 EPISTOLARUM
1274 132 1344 187 11.
1385 138 1470 187 18.
1510 138 1595 188 19.
2033 130 2120 195 59

208 271 496 359 probent3
564 275 714 361 sed,
759 276 818 342 si
869 297 972 340 me
1028 277 1278 362 audies,
1328 276 1567 344 vitabis
1618 274 1998 342 inimicitias
2055 277 2126 340 et

207 363 598 448 posteritatis
648 363 787 431 otio
833 365 1148 432 consules.

1074 572 1261 644 XIX.

375 686 494 745 Scr.
535 687 716 744 Tarsi
742 703 795 745 a.
829 687 884 744 d.
920 687 991 745 X.
1028 688 1153 744 Kal.
1192 687 1501 754 Quinctiles
1536 704 1586 744 a.
1625 707 1678 744 u.
1717 705 1764 744 c.
1804 694 1924 745 ⁷04.

205 810 271 866 Π.
302 811 630 870 TULLIUS
670 812 746 868 Μ.
781 811 844 868 F.
879 812 954 868 M.
991 812 1064 868 N.
1101 811 1359 868 CICERO
1396 813 1542 868 IMP.
1582 811 1637 868 Β.
1663 812 1731 868 D.
1768 813 1827 868 C.
1859 810 2121 868 CAELIO

669 883 733 939 L.
768 882 832 939 F.
870 882 928 940 C.
964 882 1035 940 N.
1072 883 1313 941 CALDO
1350 882 1652 949 QUAEST.

326 983 546 1060 Quum
575 983 1062 1071 optatissimum
1097 984 1401 1050 nuntium
1435 985 1826 1069 accepissem
1859 986 1925 1049 te
1961 983 2123 1048 mihi
2160 993 2187 1042 1

206 1076 619 1156 quaestorem
658 1073 987 1159 obtigisse,
1026 1094 1104 1140 88
1140 1073 1584 1140 iucundiorem
1617 1073 1779 1138 mihi
1815 1094 1961 1137 eam
1988 1093 2121 1138 sor·

205 1163 326 1226 tem
369 1162 730 1247 sperabam
781 1162 950 1247 fore,
1003 1183 1134 1265 quo
1188 1161 1429 1228 diutius
1485 1163 1557 1227 in
1608 1162 1944 1247 provincia
1993 1182 2123 1227 me-

204 1268 341 1314 cum
400 1251 684 1335 fuisses3
745 1250 972 1337 magni
1033 1251 1208 1315 enim
1268 1250 1607 1317 videbatur
1665 1251 1977 1315 interesse
2041 1247 2124 1314 ad

206 1358 338 1403 eam
397 1338 986 1424 necessitudinem,
1059 1361 1253 1424 quam
1317 1340 1507 1406 nobis
1571 1360 1712 1404 sors
1772 1338 2126 1421 tribuisset,

208 1428 746 1493 consuetudinem
782 1449 1035 1513 quoque
1073 1428 1399 1493 accedere.
1442 1431 1691 1513 postea,
1725 1449 1926 1513 quum
1964 1387 2126 1490 mihi

209 1516 359 1581 nihil
412 1537 640 1602 neque
695 1538 735 1582 a
785 1520 852 1581 te
907 1517 1051 1602 ipso
1103 1538 1314 1601 neque
1374 1517 1456 1582 ab
1510 1516 1644 1581 ullo
1700 1516 1827 1581 alio
1882 1514 1963 1579 de
2016 1514 2125 1579 ad-

154 1686 159 1693 .
211 1609 394 1670 ventu
448 1610 580 1671 tuo
637 1605 1046 1691 scriberetur,
1097 1606 1391 1690 verebar,
1445 1625 1528 1670 ne
1581 1604 1649 1669 id
1700 1604 1796 1669 ita
1851 1603 2125 1689 caderet,

213 1694 371 1776 quod
418 1696 629 1760 etiam
673 1715 849 1759 nunc
892 1716 1134 1780 vereor,
1178 1716 1262 1759 ne
1300 1697 1468 1779 ante,
1515 1714 1708 1777 quam
1751 1697 1826 1758 tu
1871 1693 1944 1757 in
1977 1714 2124 1778 pro·

216 1783 484 1849 vinciam
533 1783 853 1869 venisses,
899 1804 1020 1870 ego
1068 1782 1145 1849 (18
1191 1781 1525 1868 provincia
1569 1781 1963 1867 decederem3
2024 1802 2125 1847 ac·

213 1872 343 1957 cepi
397 1876 628 1939 autem
684 1894 725 1937 a
773 1876 841 1937 te
897 1872 1130 1938 missas
1191 1806 1442 1937 litteras
1487 1871 1565 1950 111
1619 1869 1867 1956 Cilicia,
1926 1892 2127 1955 quum

215 1980 411 2026 essem
456 1962 538 2026 111
585 1961 839 2045 castris,
894 1982 948 2026 a.
995 1960 1055 2025 d.
1108 1984 1167 2025 x.
1220 1960 1365 2025 Kal.
1411 1959 1793 2045 Quinctiles,
1851 1960 2125 2062 scriptas

213 2047 709 2135 humanissime,
741 2050 974 2133 quibus
1016 2049 1207 2115 facile
1253 2051 1321 2114 et
1364 2048 1650 2116 officium
1687 2051 1755 2113 et
1790 2048 2127 2133 ingenium

214 2140 389 2204 tuum
434 2138 723 2225 perspici
766 2141 1013 2224 posset,
1059 2138 1172 2203 sed
1213 2158 1424 2222 neque
1467 2137 1639 2202 unde
1683 2157 1804 2202 nec
1849 2158 1976 2221 quo
2024 2137 2125 2202 die

216 2225 395 2293 datae
447 2229 671 2292 essent
713 2230 827 2291 aut
863 2248 990 2311 quo
1025 2229 1317 2312 tempore
1351 2229 1418 2291 te
1456 2228 1892 2310 exspectarem
1929 2225 2126 2312 signi-

216 2314 525 2401 ficabant,
570 2337 690 2380 nec
744 2315 830 2401 is,
884 2315 994 2400 qui
1040 2316 1374 2400 attulerat,
1428 2336 1469 2379 a
1519 2318 1585 2380 te
1641 2318 2002 2400 acceperat,
2052 2316 2129 2380 ut

219 2424 291 2468 ex
334 2426 411 2472 88
465 2404 714 2489 scirem,
758 2425 886 2489 quo
933 2425 1012 2469 ex
1053 2405 1198 2470 loco
1245 2407 1359 2469 aut
1402 2424 1530 2488 quo
1573 2405 1864 2488 tempore
1910 2406 2129 2469 essent

221 2490 424 2559 datae.
500 2490 678 2569 Quae
717 2514 915 2577 quum
952 2497 1171 2558 essent
1204 2493 1469 2577 incerta,
1514 2492 1874 2558 existimavi
1908 2495 2128 2557 tamen
2164 2506 2198 2555 2

221 2579 594 2648 faciundum
639 2602 805 2666 esse,
857 2584 933 2646 ut
977 2581 1060 2646 ad
1102 2585 1169 2646 te
1216 2585 1493 2649 statores
1535 2602 1715 2646 meos
1761 2584 1828 2646 et
1869 2581 2129 2647 lictores

224 2689 364 2735 cum
398 2670 636 2735 litteris
671 2670 1022 2772 mitterem3
1067 2691 1229 2755 quas
1276 2671 1332 2736 si
1368 2670 1527 2735 satis
1566 2672 1933 2755 opportuno
1969 2670 2128 2734 tein-

226 2779 373 2858 pore
421 2758 754 2844 accepisti,
799 2759 1241 2862 gratissimum
1283 2759 1446 2824 mihi
1488 2758 1745 2843 feceris,
1801 2758 1856 2823 si
1901 2759 1987 2822 ad
2026 2778 2129 2821 me

226 2845 293 2909 in
335 2845 629 2913 Ciliciam
682 2868 877 2932 quam
928 2848 1212 2933 primum
1254 2848 1533 2931 veneris3
1585 2868 1766 2930 nam,
1821 2845 2022 2948 quod·
2048 2844 2131 2910 ad

230 2954 324 2999 me
359 2933 610 3020 Curius,
654 2936 1080 3001 consobrinus
1113 2940 1286 3022 tuus,
1328 2936 1508 3020 mihi,
1551 2938 1627 3000 ut
1667 2934 1809 3018 scis,
1854 2933 2130 2999 maxime

232 3024 647 3109 necessarius,
717 3025 890 3111 quod
959 3026 1118 3090 item
1182 3022 1250 3090 O.
1314 3023 1657 3109 Virgilius,
1728 3022 2132 3107 propinquus

233 3113 398 3199 tuus,
460 3113 1000 3179 familiarissimus
1062 3117 1312 3198 noster,
1385 3112 1463 3177 de
1524 3115 1591 3176 te
1654 3111 2131 3176 accuratissime

237 3203 506 3288 scripsit,
558 3204 733 3268 valet
783 3202 851 3266 id
905 3203 1162 3288 quidem
1219 3201 1391 3287 apud
1435 3222 1537 3266 me
1582 3198 1887 3284 multum,
1942 3198 2134 3264 sicuti

361 3412 466 3483 Ep.
509 3417 683 3539 19,ὲο
744 3412 972 3480 caderet,
1006 3411 1194 3482 quod.
1217 3424 1457 3475 wvereor
1492 3424 1561 3462 ne
1596 3407 1707 3475 (W.
1709 3410 1748 3475 ).
1820 3420 1865 3459 ο.
1895 3432 1963 3443 -
1991 3400 2137 3470 awa

271 3499 482 3551 ·.,v—
517 3499 586 3539 nc
