2338 3691
104 3193 131 3241 1

183 130 311 194 322
745 129 837 183 Μ.
860 129 1103 183 TULLII
1141 129 1448 184 CICERON
1457 133 1521 182 13

181 276 330 360 vidi,
374 276 677 359 mihique,
724 274 777 338 si
821 274 915 339 ita
960 295 1305 358 oppressus
1344 295 1548 339 essem
1583 295 1843 359 remque
1888 275 2096 359 publi-

183 387 324 431 cam
368 386 619 428 mecum
663 363 1114 447 prodidissem,
1172 368 1427 428 mortuo
1474 385 1608 428 non
1655 364 1846 429 modo
1892 364 2097 430 hono-

180 476 342 537 rem,
397 454 508 518 sed
563 452 1064 519 misericordiam
1119 474 1373 537 quoque
1429 451 1818 517 defuturam:
1876 453 2096 538 itaque

179 543 500 607 rediturus
549 564 690 606 sum
734 563 855 606 nec
894 545 1081 606 tanta
1116 562 1385 606 munera
1420 541 1687 626 perditis
1723 542 2095 608 hominibus

182 631 320 696 dari
366 652 554 715 posse
603 631 828 695 sinam.
917 630 1291 695 Exercitum
1335 631 1493 695 locis
1539 632 1816 696 habeam
1863 653 2093 716 oppor-

178 721 382 804 tunis,
435 720 831 804 provinciam
886 724 1096 804 tuear,
1150 720 1402 784 etiamsi
1456 719 1565 784 ille
1622 720 1934 785 exercitus
1991 720 2094 786 de-

181 810 420 894 scierit,
494 810 836 894 omniaque
899 810 1156 894 integra
1229 831 1502 893 servem,
1577 808 1743 874 dabo
1815 831 2095 895 operam,

181 899 393 983 quoad
452 899 765 963 exercitus
819 898 947 962 huc
1002 898 1419 962 summittatis
1473 898 1741 981 parique
1786 898 2092 963 felicitate

178 1010 315 1052 rem
360 987 687 1072 publicam
730 987 836 1051 hie
881 986 1245 1070 vindicetis3
1288 1008 1409 1051 nec
1456 987 1844 1072 depugnare,
1891 988 1944 1052 si
1993 1008 2092 1052 oc·

180 1078 351 1142 casio
406 1077 654 1161 tulerit,
714 1098 835 1141 1166
898 1076 1202 1159 obsideri,
1268 1077 1321 1140 si
1375 1096 1635 1140 necesse
1694 1076 1916 1161 fuerit,
1975 1098 2093 1140 nec

178 1167 372 1251 mori,
435 1167 490 1230 si
554 1187 738 1231 casus
801 1165 1122 1248 inciderit,
1186 1186 1306 1249 pro
1368 1165 1552 1230 vobis
1616 1166 1906 1249 paratior
1967 1165 2093 1230 fuit

178 1257 534 1340 quisquam.
625 1253 835 1330 Quare
888 1253 1116 1319 hortor
1157 1257 1252 1338 te,
1307 1254 1395 1317 mi
1441 1251 1662 1318 Cicero
1672 1305 1690 1338 ,
1746 1254 2090 1319 exereitum

177 1345 303 1409 huc
358 1343 807 1409 traiiciendum
862 1365 1054 1428 quam
1109 1343 1389 1427 primum
1436 1363 1616 1406 cures
1672 1346 1737 1407 et
1789 1346 2092 1426 matures,

177 1435 551 1518 priusquam
620 1434 842 1497 hostes
913 1432 1122 1515 magis
1197 1432 1693 1497 corroborentur
1756 1435 1822 1496 et
1884 1433 2088 1497 nostri

178 1522 658 1606 perturbentur:
704 1522 775 1584 in
821 1543 946 1606 quo
996 1522 1050 1585 si
1096 1521 1388 1585 celeritas
1436 1521 1559 1585 erit
1616 1520 1934 1605 adhibita,
1988 1542 2089 1586 res

176 1612 434 1695 publica
495 1613 566 1674 in
627 1611 1035 1694 possessione
1108 1610 1412 1674 victoriae
1477 1608 1702 1674 deletis
1768 1610 2091 1675 sceleratis

176 1700 597 1784 permanebit.
686 1698 817 1763 Fac
861 1700 1076 1764 valeas
1123 1720 1351 1782 meque
1398 1698 1648 1783 diligas,

309 1787 602 1854 Fratrem
666 1810 880 1853 meum
942 1787 1088 1872 tibi,
1151 1787 1576 1853 fortissimum
1630 1787 1831 1853 civem
1888 1792 1953 1854 et
2009 1788 2089 1853 ad

178 1879 396 1944 omnia
422 1877 919 1962 paratissimum,
957 1899 1252 1942 excusem
1287 1877 1563 1942 litteris?
1610 1878 1718 1962 qui
1756 1900 1836 1942 ex
1869 1879 2090 1943 labore

176 1968 246 2031 in
299 1967 678 2032 febriculam
731 1966 958 2031 incidit
1020 1966 1344 2031 assiduam
1400 1970 1466 2030 et
1519 1967 1674 2030 satis
1733 1966 2090 2032 molestam.

177 2055 390 2132 Quum
435 2056 715 2140 primum
759 2056 1023 2140 poterit,
1078 2056 1245 2119 istuc
1289 2077 1611 2120 recurrere
1657 2076 1792 2120 non
1840 2056 2088 2121 dubita-

176 2145 298 2228 bit,
352 2166 434 2209 ne
481 2167 608 2228 quo
662 2146 805 2209 loeo
861 2146 953 2208 rei
997 2144 1293 2228 publicae
1349 2143 1531 2208 desit.
1620 2142 1835 2208 Meam
1881 2145 2087 2230 digni-

174 2237 375 2298 tatem
441 2233 953 2299 commendatam
1015 2233 1258 2297 habeas
1272 2284 1290 2316 ,
1352 2253 1531 2318 rogo.
1621 2230 2087 2318 Concupiscere

173 2344 276 2387 me
331 2322 494 2386 nihil
552 2325 833 2407 oportet3
885 2320 1094 2387 habeo
1151 2326 1217 2386 te
1272 2324 1338 2385 et
1392 2321 1907 2386 amantissimum
1960 2324 2087 2387 mei

174 2415 265 2495 et,
319 2412 491 2495 quod
556 2412 802 2496 optavi,
865 2432 1150 2486 summae
1215 2410 1643 2475 auctoritatis:
1707 2413 1784 2475 tu
1835 2410 2089 2496 videriS,

174 2505 487 2585 quantum
552 2505 617 2564 et
681 2500 937 2584 quando
1001 2502 1186 2563 tuum
1250 2520 1485 2563 munus
1546 2498 1715 2582 apud
1771 2520 1874 2563 me
1928 2502 2086 2565 velis

173 2612 338 2674 esse3
394 2593 652 2654 tantum
705 2593 771 2652 te
824 2608 1013 2674 rogo,
1066 2588 1136 2651 in
1182 2587 1381 2651 Hirtii
1434 2589 1648 2652 locum
1700 2609 1803 2651 me
1851 2589 2087 2654 subdas

173 2684 240 2744 et
284 2678 364 2745 ad
410 2682 596 2743 tuum
642 2699 926 2742 amorem
972 2681 1039 2741 et
1084 2677 1166 2740 ad
1211 2698 1422 2741 meam
1468 2676 1961 2741 observantiam.

1018 2852 1230 2918 XXII.

357 2958 471 3014 Ser.
510 2959 721 3015 Romae
758 2974 947 3012 mense
985 2957 1145 3012 Iunio
1186 2957 1336 3026 (post
1372 2954 1475 3026 Id.)
1512 2972 1562 3012 a.
1601 2976 1654 3011 u.
1694 2974 1739 3012 6.
1782 2963 1899 3012 711.

826 3080 1085 3136 CICERO
1123 3079 1432 3135 PLANCO.

303 3172 384 3237 In
426 3179 492 3238 te
539 3180 605 3239 et
647 3180 718 3238 in
772 3175 1023 3259 collega
1079 3174 1290 3237 omnis
1347 3194 1493 3256 spes
1549 3175 1647 3237 est
1702 3173 1799 3237 dis
1855 3194 2081 3258 appro-

171 3261 495 3326 bantibus.
568 3261 927 3328 Concordia
971 3266 1205 3347 vestra,
1250 3282 1413 3346 quae
1461 3262 1714 3347 senatui
1760 3262 2085 3326 declarata

312 3415 415 3483 Ep.
454 3422 540 3483 21,
570 3423 618 3471 5.
690 3419 1007 3484 defuturam
1044 3420 1176 3488 (N..)
1250 3418 1570 3487 defuturum
1605 3418 1733 3473 ΜΒ.
1810 3425 1858 3473 6.
1905 3418 2081 3472 Exer-

172 3486 339 3541 citum
376 3487 507 3541 locis
544 3487 678 3557 (ΜΗ)
750 3505 832 3544 ex.
861 3492 986 3545 utl.
1014 3491 1103 3560 N,
1127 3492 1190 3545 B.
1269 3497 1315 3545 7.
1354 3492 1495 3545 istuc
1520 3489 1705 3560 vulgo
1781 3491 1914 3544 istoc
1949 3489 2079 3544 ΜΒ.
