2338 3691
721 137 1242 194 EPISTOLARUM
1276 138 1372 193 XI.
1401 144 1569 202 ,5-7.
1978 141 2104 206 351

187 284 485 351 existimo
540 287 608 349 te
660 283 824 350 mihi
876 304 1087 348 meam
1152 279 1583 371 [dignitatem]
1641 285 2108 371 commendare,

189 395 387 458 quam
440 373 803 439 mehercule
866 394 1003 438 non
1064 372 1275 438 habeo
1337 377 1453 437 tua
1507 373 1843 440 cariorem:
1909 396 2106 458 quare

186 462 352 527 mihi
397 462 838 548 gratissimum
877 462 1097 547 facies,
1139 462 1195 527 si
1232 463 1635 546 exploratum
1669 462 1938 528 habebis
1973 465 2106 529 tuis

185 551 490 617 laudibus
554 552 734 617 nullo
807 552 951 617 loco
1023 572 1144 616 nec
1216 551 1558 616 consilium
1628 573 1749 617 nec
1820 552 2106 618 studium

187 661 409 705 meum
452 639 842 706 defuturum.
923 639 1136 716 Quum
1179 639 1425 705 tribuni
1468 641 1555 724 pl.
1602 641 1967 726 edixissent,
2012 663 2106 707 se-
2144 653 2198 703 2-

187 732 386 794 natus
432 729 687 794 adesset
731 752 788 794 a.
834 728 892 794 d.
938 743 1091 790 XIII.
1136 728 1281 793 Kal.
1334 728 1500 813 Ian.,
1553 729 1991 814 haberentque
2035 731 2109 794 in

191 818 411 884 animo
459 817 538 883 de
582 818 902 903 praesidio
950 818 1288 883 consulum
1334 818 1818 904 designatorum
1852 819 2109 903 referre,

191 928 584 992 quamquam
648 908 1002 972 statueram
1063 906 1136 970 in
1198 910 1496 972 senatum
1560 910 1711 972 ante
1772 907 1917 972 Kal.
1969 907 2109 973 Ian.

190 1017 331 1062 non
373 996 611 1080 venire,
654 999 894 1081 tamen,
938 1017 1138 1080 quum
1175 1017 1251 1061 eo
1290 996 1391 1060 die
1427 997 1569 1080 ipso
1608 996 1887 1062 edictum
1923 1000 2109 1061 tuum

191 1086 600 1170 propositum
656 1089 850 1169 esset,
911 1085 1097 1149 nefas
1162 1106 1301 1150 esse
1358 1084 1510 1149 duxi
1573 1088 1687 1149 aut
1739 1085 1833 1149 ita
1884 1086 2111 1151 haberi

193 1177 521 1258 senatum,
574 1176 652 1239 ut
703 1174 781 1239 de
833 1172 965 1239 tuis
1021 1174 1256 1239 divinis
1309 1174 1379 1238 in
1422 1194 1560 1237 rem
1613 1173 1937 1258 publicam
1982 1194 2111 1238 me·

191 1263 338 1327 ritis
386 1264 681 1328 sileretur
709 1299 794 1310 —-
824 1262 997 1348 quod
1041 1263 1287 1327 factum
1332 1265 1518 1344 esset,
1561 1262 1692 1327 nisi
1736 1282 1857 1347 ego
1903 1262 2111 1327 venis-

195 1373 332 1416 sem
363 1387 466 1436 -,
503 1357 616 1417 aut
643 1353 856 1437 etiam,
894 1353 949 1417 si
986 1351 1139 1437 quid
1167 1351 1246 1416 de
1280 1355 1347 1416 te
1388 1350 1741 1416 honorifice
1780 1350 2114 1434 diceretur,

193 1462 302 1504 me
335 1461 502 1526 ,non
565 1441 805 1506 adesse.
902 1440 1132 1525 Itaque
1194 1441 1266 1505 in
1330 1443 1626 1505 senatum
1685 1440 1834 1504 veni
1897 1460 2113 1522 mane3
2148 1457 2181 1507 3

197 1529 374 1614 quod
419 1550 617 1614 quum
663 1534 834 1595 esset
878 1530 1423 1613 animadversum,
1466 1528 1974 1612 frequentissimi
2019 1549 2112 1592 se-

196 1621 461 1683 natores
507 1623 965 1696 convenerunt.
1037 1618 1217 1695 Quae
1247 1618 1331 1700 ,de
1374 1621 1440 1682 te
1476 1618 1548 1682 in
1584 1621 1814 1682 senatu
1856 1617 2115 1701 egerim,

200 1729 366 1791 quae
418 1708 490 1772 in
545 1709 853 1773 concione
907 1708 1189 1773 maxima
1234 1707 1528 1791 dixerim,
1581 1706 1856 1771 aliorum
1899 1708 1967 1770 te
2010 1705 2114 1769 lit-

196 1796 356 1862 teris
401 1797 573 1863 malo
621 1817 1033 1885 cognoscere:
1088 1795 1250 1862 illud
1293 1795 1413 1862 tibi
1471 1795 1859 1881 persuadeas
1903 1795 2116 1881 velim,

197 1908 305 1950 me
370 1887 615 1970 omnia,
685 1908 849 1971 quae
913 1887 995 1951 ad
1057 1890 1241 1951 tuam
1303 1885 1689 1971 dignitatem
1751 1884 2117 1970 augendam

199 1974 646 2060 pertinebunt,
700 1997 864 2060 quae
929 1978 1029 2040 est
1088 1996 1205 2060 per
1259 1996 1327 2039 se
1387 1974 1810 2060 amplissima,
1864 1995 2115 2038 summo

201 2085 457 2148 semper
519 2063 732 2129 studio
797 2067 1245 2148 suscepturum
1307 2066 1372 2127 et
1434 2063 1873 2146 defensurum3
1944 2060 2116 2146 quod

201 2174 596 2237 quamquam
639 2153 933 2239 intelligo
979 2173 1084 2217 me
1129 2174 1276 2217 cum
1319 2152 1539 2216 multis
1595 2173 1734 2217 esse
1776 2152 2120 2235 facturum,

200 2245 427 2306 tamen
471 2243 773 2327 appetam
816 2242 1010 2307 huius
1054 2242 1150 2305 rei
1193 2240 1645 2326 principatum.

1081 2452 1231 2519 VII.

318 2573 431 2630 Ser.
479 2574 691 2630 Romae
736 2578 972 2631 exeunte
1019 2591 1209 2630 mense
1254 2574 1548 2630 Decembri
1594 2591 1641 2628 a.
1691 2591 1744 2627 u.
1768 2640 1770 2645 .
1791 2590 1837 2628 c.
1891 2579 2010 2629 ¹110.
2101 2572 2108 2580 '

395 2718 470 2772 Μ.
500 2716 757 2773 CICERO
787 2716 840 2774 S.
869 2715 936 2772 D.
964 2716 1031 2771 D.
1060 2716 1305 2773 BRUTO
1334 2716 1480 2771 IMP.
1510 2715 1656 2772 COS.
1686 2714 1919 2771 DESIG.

344 2824 556 2904 Quum
600 2827 1001 2892 adhibuisset
1043 2825 1220 2891 domi
1262 2847 1442 2890 meae
1488 2824 1709 2909 Lupus
1753 2845 1856 2888 me
1903 2826 1970 2887 et
2011 2822 2118 2887 Li·
2157 2840 2187 2892 1

202 2918 446 2982 bonem
500 2920 567 2981 et
611 2915 930 2999 Servium,
983 2914 1442 2980 consobrinum
1492 2918 1705 2997 tuum,
1759 2933 1921 2998 quae
1974 2932 2120 2976 mea

203 3006 406 3071 fuerit
459 3005 806 3091 sententia,
860 3025 1175 3090 cognosse
1227 3007 1293 3067 te
1348 3025 1425 3067 ex
1477 3002 1565 3066 M.
1620 3000 1767 3067 Seio
1824 3000 2120 3083 arbitror,

205 3095 322 3180 qui
385 3098 609 3161 nostro
665 3094 947 3159 sermoni
1007 3093 1331 3158 interfuit:
1392 3091 1666 3176 reliqua,
1729 3111 2118 3175 quamquam

206 3184 433 3249 statim
486 3181 702 3249 Seium
758 3181 1098 3248 Graeceius
1153 3185 1253 3246 est
1306 3180 1710 3262 subsecutuS,
1766 3182 1987 3243 tamen
2041 3199 2117 3242 ex

206 3272 516 3338 Graeceio
562 3273 804 3358 poteris
850 3291 1255 3357 cognoscere.
1326 3266 1539 3354 Caput
1581 3271 1796 3332 autem
1842 3270 1942 3331 est
1974 3267 2118 3349 hoc,
2152 3283 2187 3332 2

208 3522 331 3534 --
353 3502 455 3573 Ep.
496 3508 548 3571 6,
584 3508 634 3558 2.
707 3507 808 3557 aut
842 3502 1020 3568 etiam,
1054 3500 1106 3555 si
1140 3499 1291 3568 (w.).
1364 3514 1437 3562 a.,
1472 3495 1633 3550 etiam
1667 3494 1718 3548 si
1752 3492 1937 3560 vulgo.
