2338 3691
231 134 358 199 156
795 135 866 191 M.
907 132 1155 190 TULLII
1192 132 1580 189 CICERONIS

227 300 456 365 pacem
500 278 787 364 accipere
833 279 1034 343 malui
1079 300 1273 363 quam
1318 279 1561 345 viribus
1608 300 1753 344 cum
1789 278 2158 345 valentiore

228 369 540 453 pugnare.
631 368 752 432 Sed
808 370 875 431 et
926 368 1087 432 haec
1142 370 1209 431 et
1262 369 1466 432 multa
1522 368 1649 433 alia
1703 390 1921 432 coram
1966 368 2151 432 brevi

158 468 191 518 3
230 461 522 541 tempore
583 456 821 521 licebit.
928 455 1155 540 Neque
1218 478 1322 520 me
1384 460 1607 521 tamen
1668 457 1803 522 ulla
1852 478 1954 520 res
2020 457 2164 521 alia

229 545 476 610 Romae
529 548 713 611 tenet
773 544 903 610 nisi
966 546 1359 629 exspectatio
1423 567 1639 610 rerum
1691 545 2152 610 Africanarum

232 671 315 681 —
362 634 616 699 videtur
662 634 835 722 enim
887 633 1049 698 mihi
1100 656 1204 698 res
1257 634 1328 698 in
1381 634 1816 719 propinquum
1873 634 2151 699 adducta

232 723 576 789 discrimen
631 747 743 807 -3
796 725 956 806 puto
1014 726 1231 787 autem
1285 743 1430 787 mea
1483 723 1783 788 nonnihil
1837 722 2150 787 interesse

234 847 319 858 —-
349 832 742 896 quamquam
783 811 851 876 id
895 812 1126 896 ipsum,
1174 812 1326 896 quid
1370 812 1644 895 intersit,
1687 833 1822 876 non
1860 832 2015 876 sane
2052 812 2150 876 in-

232 900 457 987 telligo
504 937 588 948 —
600 951 618 985 ,
671 904 1142 985 verumtamen,
1198 901 1508 985 quidquid
1553 901 1731 964 illinc
1776 901 2160 965 nuntiatum

234 989 337 1074 sit,
372 1011 510 1055 non
536 990 732 1075 longe
762 989 985 1053 abesse
1023 1011 1063 1052 a
1090 990 1377 1054 consiliis
1415 990 1797 1070 amicorum3
1843 991 1943 1054 est
1977 989 2154 1054 enim

232 1099 335 1143 res
370 1078 503 1142 iam
538 1079 609 1142 in
647 1099 796 1143 eum
829 1079 1043 1142 locum
1079 1078 1374 1162 adducta,
1418 1082 1511 1162 ut,
1557 1098 1947 1162 quamquam
1987 1079 2150 1142 mul·

231 1170 375 1231 tum
419 1167 678 1232 intersit
719 1168 892 1232 inter
940 1188 1163 1232 eorum
1210 1187 1463 1251 causaS,
1518 1167 1630 1251 qui
1676 1166 2009 1249 dimicant,
2052 1169 2151 1230 ta-

233 1277 386 1322 men
438 1256 611 1321 inter
661 1256 965 1321 victorias
1019 1277 1156 1321 non
1208 1257 1485 1321 multum
1530 1256 1991 1320 interfuturum
2034 1277 2153 1338 pu·

233 1348 383 1409 tem.
476 1343 601 1410 Sed
646 1346 839 1430 plane
887 1345 1194 1428 animus,·
1223 1346 1334 1429 qui
1380 1344 1591 1409 dubiis
1636 1345 1828 1409 rebus
1873 1344 2153 1408 forsitan

233 1434 433 1499 fuerit
475 1434 815 1526 infirmior,
854 1433 1209 1518 desperatis
1247 1434 1664 1499 confirmatus
1707 1436 1807 1498 est
1850 1434 2154 1515 multum3

236 1543 428 1607 quem
483 1524 676 1588 etiam
730 1526 881 1587 tuae
937 1522 1299 1606 superiores
1360 1523 1614 1587 litterae
1671 1522 2152 1604 confirmarunt,

235 1612 469 1694 quibus
504 1612 811 1694 intellexi,
849 1633 1042 1694 quam
1075 1611 1335 1675 fortiter
1367 1612 1673 1675 iniuriam
1707 1611 1928 1695 ferres,
1963 1610 2152 1674 iuvit·

238 1720 361 1782 que
424 1720 528 1763 me
590 1700 713 1764 tibi
784 1720 984 1782 quum
1055 1722 1374 1765 summam
1441 1700 1941 1783 humanitatem,
2009 1701 2152 1762 tum

237 1788 434 1852 etiam
479 1790 624 1853 tuas
669 1787 919 1852 litteras
964 1788 1312 1873 profuisse3
1367 1810 1587 1855 verum
1633 1789 1804 1854 enim
1850 1787 2155 1862 scribam;

234 1877 557 1941 teneriore
610 1876 771 1941 mihi
826 1877 1042 1943 animo
1096 1878 1422 1962 videbare,
1486 1879 1653 1943 sicut
1715 1900 1937 1943 omnes
1999 1877 2156 1961 fere,

241 1965 352 2048 qui
397 1965 600 2030 vitam
642 1965 996 2051 ingenuam
1029 1966 1102 2030 in
1137 1966 1332 2031 beata
1376 1967 1636 2031 civitate
1674 1969 1739 2031 et
1783 1967 1825 2045 †
1843 1967 1915 2030 in
1949 1966 2156 2031 libera

169 2074 204 2123 4
239 2053 542 2137 viximus3
587 2055 716 2138 sed,
760 2059 836 2120 ut
877 2055 992 2120 illa
1035 2056 1319 2119 secunda
1360 2056 1687 2120 moderate
1732 2056 2017 2138 tulimuS,
2064 2055 2155 2119 sic

237 2141 410 2206 hanc
470 2163 608 2208 non
663 2145 874 2208 solum
928 2142 1290 2228 adversam,
1352 2144 1464 2209 sed
1516 2145 1810 2210 funditus
1866 2165 2156 2208 eversam

238 2230 572 2296 fortunam
614 2232 872 2298 fortiter
915 2232 1083 2296 ferre
1131 2232 1463 2316 debemus,
1520 2235 1596 2297 ut
1639 2233 1765 2298 hoc
1810 2233 2042 2297 saltem
2085 2232 2156 2296 in

239 2320 534 2384 maximis
569 2321 757 2386 malis
792 2321 951 2386 boni
987 2342 1472 2406 consequamur,
1515 2326 1591 2386 ut
1624 2325 1915 2405 mortem,
1961 2342 2159 2405 quam

241 2408 437 2473 etiam
481 2410 658 2474 beati
695 2412 1105 2476 contemnere
1143 2410 1551 2494 debebamuS,
1595 2413 1937 2495 propterea
1982 2410 2155 2493 quod

239 2497 493 2562 nullum
538 2519 799 2563 sensum
845 2501 1016 2563 esset
1056 2499 1378 2583 habitura,
1422 2520 1598 2563 nunc
1635 2499 1726 2563 sic
1762 2498 1975 2563 affecti
2018 2519 2157 2562 non

169 2604 204 2657 ⁶
241 2586 434 2652 modo
473 2590 884 2652 contemnere
922 2586 1287 2672 debeamus,
1323 2587 1436 2652 sed
1474 2588 1668 2652 etiam
1705 2591 1946 2672 optare.
2038 2586 2159 2669 Tu,

242 2676 298 2740 si
359 2697 463 2740 me
527 2675 772 2761 diligis,
841 2675 1055 2739 fruere
1117 2675 1246 2740 isto
1320 2676 1453 2741 otio
1523 2676 1770 2760 tibique
1841 2675 2155 2760 persuade

240 2768 497 2849 praeter
552 2764 809 2848 culpam
861 2784 938 2828 ac
990 2767 1353 2849 peccatum,
1408 2787 1535 2849 qua
1590 2786 1840 2849 semper
1893 2765 2159 2829 caruisti

383 2991 486 3059 Ep.
526 2995 620 3057 21,
658 2997 707 3045 3.
781 2990 909 3058 Afr.
948 3021 1020 3032 —
1054 2992 1271 3047 videtur
1430 2992 1721 3047 discrimen
1754 3012 1854 3059 -;
1889 2996 2033 3060 puto

242 3059 495 3114 interesse
531 3089 599 3100 —
635 3077 965 3130 quamquam
1002 3102 1015 3115 .
1046 3103 1058 3115 .
1092 3103 1104 3116 .
1141 3063 1388 3132 intelliyo
1430 3093 1531 3129 —,
1573 3067 1950 3131 ¹‘verumtamen
2003 3062 2157 3132 (W.).

243 3129 406 3195 ,Asu-‚5
455 3145 505 3182 v.
545 3169 558 3182 .
590 3170 603 3183 .
640 3133 932 3186 discrimen
968 3174 980 3186 .
1022 3132 1172 3186 Puto
1219 3176 1231 3188 .
1262 3175 1274 3187 .
1306 3174 1319 3187 .
1365 3135 1495 3188 int.:
1548 3152 1597 3203 q.
1638 3176 1650 3187 .
1682 3174 1695 3188 .
1726 3177 1738 3188 .
1776 3135 2051 3203 intellego,
2106 3151 2155 3188 v.

243 3197 307 3251 Β.
364 3227 431 3237 -
487 3201 707 3254 animus
750 3218 925 3268 meus,
970 3204 1068 3271 qui
1112 3203 1282 3274 (W.)?
1338 3234 1406 3244 —
1460 3205 1655 3272 ferreS,
1707 3206 1948 3274 iuvitque
2002 3203 2100 3271 (W
2103 3207 2154 3274 .).

244 3267 285 3333 f.
296 3286 318 3332 ‚·
380 3269 419 3321 i.
473 3267 536 3320 B.
602 3298 669 3309 —
731 3273 902 3326 vitam
954 3274 1253 3343 ingenuam
1312 3274 1421 3342 (W.
1477 3278 1538 3330 et
1590 3275 1722 3345 Or.).
1838 3277 1955 3329 vita
2006 3276 2159 3344 {nye-

244 3352 364 3390 nua
415 3337 518 3402 M,
572 3339 670 3390 vul
712 3355 761 3392 o.
810 3370 877 3380 —
924 3348 973 3396 et
1015 3344 1080 3397 in
1124 3345 1298 3400 libera
1348 3362 1408 3398 re
1457 3363 1517 3414 p.
1572 3347 1812 3401 viximus
1868 3346 2000 3415 (W.)
2055 3348 2159 3400 aut

245 3411 296 3458 et
330 3406 422 3458 zib.
461 3408 572 3459 vix.
613 3410 631 3472 (
691 3411 741 3474 .).
816 3412 956 3465 etin
982 3414 1016 3466 l.
1044 3429 1095 3467 v.
1133 3414 1195 3468 B.
1271 3421 1319 3469 5.
1358 3417 1576 3485 eulpam
1612 3434 1678 3472 ae
1709 3422 1988 3486 peccatum
2017 3416 2157 3487 (M).

245 3490 289 3528 c.
330 3474 420 3544 [ac
445 3475 534 3543 μ]
571 3476 789 3545 ΚΙεγη.,
826 3477 890 3533 Β.
