2338 3691
490 139 1008 196 EPISTOLARUM
1042 140 1140 195 AD
1182 139 1244 206 Q.
1286 124 1659 197 FRATREM
1688 146 1754 199 Π.
1794 152 1841 199 3.
1997 146 2129 210 597

205 287 436 373 copiis3
489 287 601 352 sed
646 307 885 371 magna
939 308 1168 350 manus
1224 305 1303 349 ex
1348 278 1590 352 Piceno
1646 292 1711 352 et
1754 287 1962 354 Gallia
2020 312 2122 354 ex·

208 379 555 460 spectatur,
597 379 672 440 ut
715 376 910 439 etiam
948 372 1215 439 Catonis
1259 376 1709 458 rogationibus
1756 377 1833 441 de
1880 377 2121 442 Milone

207 471 276 528 et
319 464 595 529 Lentulo
642 464 1036 528 resistamus,
1107 461 1187 526 A.
1225 462 1283 526 d.
1318 480 1438 528 1111.
1474 463 1628 528 Idus
1665 463 1851 529 Febr.
1880 466 2119 530 Sestius
2147 481 2175 523 ⁵

209 554 293 617 ab
337 553 547 617 indice
593 549 711 616 Gn.
754 549 954 617 Nerio
1000 550 1278 635 Pupinia
1330 553 1404 617 de
1458 553 1704 616 ambitu
1759 556 1859 617 est
1899 558 2120 638 postu-

207 642 380 706 latus
426 644 494 705 et
537 639 760 706 eodem
816 640 918 705 die
973 662 1013 704 a
1057 640 1337 724 quodam
1390 640 1478 704 M.
1524 640 1736 705 Tullio
1783 641 1861 705 de
1915 642 2005 707 vi·
2063 643 2120 706 is

209 733 351 794 erat
403 749 620 830 aeger-3
674 729 964 812 domum,
1016 732 1091 793 ut
1144 729 1508 813 debuimuS,
1561 728 1643 793 ad
1699 751 1844 794 eum
1901 732 2122 795 statim

210 818 504 882 venimus
551 818 734 901 eique
779 839 900 882 nos
945 820 1120 882 totos
1163 817 1573 902 tradidimuS,
1617 817 1821 921 idque·
1851 818 2120 885 fecimus

208 910 466 991 praeter
509 906 846 971 hominum
900 906 1299 991 opinionem,
1355 907 1466 990 qui
1518 927 1639 972 nos
1698 908 1758 971 ei
1802 907 1940 971 iure
1986 930 2121 973 sus·

211 1016 470 1060 censere
516 995 862 1079 putabant,
916 998 992 1059 ut
1033 994 1484 1060 humanissimi
1538 995 2010 1080 gratissimique
2057 1000 2123 1060 et

208 1086 335 1167 ipsi
391 1087 457 1147 et
510 1084 808 1149 omnibus
861 1083 1247 1167 videremur,
1299 1083 1517 1167 itaque
1570 1084 1897 1148 faciemus.
1997 1083 2121 1149 Sed

210 1173 383 1237 idem
426 1170 663 1237 Nerius
708 1171 901 1236 index
955 1172 1154 1236 edidit
1198 1173 1240 1249 †
1287 1171 1370 1235 ad
1426 1173 1740 1257 allegatos
1796 1170 1911 1237 Cn.
1957 1172 2121 1237 Len-

209 1263 420 1326 tulum
464 1260 727 1326 Vatiam
773 1265 839 1324 et
884 1258 952 1325 C.
999 1258 1366 1325 Cornelium
1406 1261 1449 1340 †
1476 1261 1602 1324 ista
1647 1260 1706 1325 ei
1751 1260 1973 1326 eodem
2020 1261 2122 1326 die

214 1353 476 1414 senatus
524 1351 889 1414 consultum
932 1350 1177 1414 factum
1223 1352 1347 1433 est,
1399 1351 1475 1413 ut
1520 1348 1891 1413 sodalitates
1938 1349 2123 1414 decu·

213 1439 488 1521 riatique
535 1437 935 1502 discederent
978 1439 1206 1521 lexque
1263 1437 1341 1501 de
1386 1438 1465 1502 iis
1511 1438 1814 1520 ferretur,
1858 1440 1959 1522 ut,
2013 1438 2124 1521 qui

214 1548 350 1592 non
397 1526 865 1610 discessissent,
917 1548 994 1591 ea
1046 1547 1283 1612 poena,
1329 1548 1491 1610 quae
1538 1531 1638 1591 est
1682 1525 1759 1589 de
1805 1526 1895 1608 vi,
1947 1530 2122 1591 tene·

212 1620 452 1680 rentur.
552 1614 631 1679 A.
687 1615 745 1679 d.
800 1632 893 1679 111.
947 1613 1101 1679 Idus
1155 1614 1342 1679 Febr.
1406 1614 1537 1678 dixi
1598 1636 1716 1698 pro
1769 1613 1991 1678 Bestia
2045 1616 2122 1679 de
2150 1632 2176 1671 ⁶

215 1705 462 1768 ambitu
509 1704 685 1788 apud¹
725 1706 1088 1787 praetorem
1135 1700 1250 1767 Cn.
1287 1702 1646 1767 Domitium
1688 1703 1760 1767 in
1803 1703 1947 1768 foro
1993 1725 2122 1768 me-

216 1792 321 1859 dio
376 1793 655 1857 maximo
713 1795 1034 1858 conventu
1088 1792 1437 1895 incidique
1464 1792 1534 1857 in
1590 1813 1736 1857 eum
1786 1792 1999 1858 locum
2055 1793 2125 1857 in

217 1881 512 1965 dicendo,
576 1904 775 1966 quum
828 1879 1072 1946 Sestius
1134 1881 1355 1945 multis
1417 1882 1488 1945 in
1540 1882 1782 1965 templo
1838 1879 2124 1946 Castoris

214 1971 586 2035 vulneribus
637 1970 913 2077 acceptis
961 1969 1246 2034 subsidio
1293 1969 1550 2034 Bestiae
1603 1973 1893 2035 servatus
1939 1975 2124 2036 esset.

213 2058 340 2123 Hic
365 2055 1030 2159 προωκονομησάμην
1057 2058 1360 2141 quiddam
1389 2052 1709 2143 εὐκαίρως
1735 2058 1859 2122 de
1840 2060 1938 2143 lis,
1961 2080 2124 2143 quae

219 2147 291 2209 in
354 2123 631 2210 Sestium
695 2147 1179 2232 apparabantur
1223 2147 1517 2231 crimina,
1580 2151 1646 2211 et
1699 2169 1846 2210 eum
1899 2148 2125 2211 ornavi

219 2234 387 2298 veris
431 2233 724 2300 laudibus
771 2255 1009 2320 magno
1059 2256 1326 2299 assensu
1369 2235 1682 2299 omnium:
1729 2255 1831 2298 res
1876 2234 2126 2299 homini

216 2322 344 2387 fuit
386 2322 796 2387 vehementer
850 2327 1052 2408 grata.
1143 2322 1320 2399 Quae
1364 2324 1486 2388 tibi
1531 2343 1609 2388 eo
1664 2322 1899 2406 scribo,
1955 2322 2126 2406 quod

215 2432 319 2475 me
384 2410 461 2475 de
523 2411 861 2476 retinenda
923 2410 1116 2477 Sestii
1180 2411 1391 2497 gratia
1450 2411 1684 2476 litteris
1749 2432 1936 2494 saepe
1991 2433 2125 2476 mo·

215 2499 434 2563 nuisti.
522 2499 736 2564 Pridie
781 2499 935 2565 Idus
979 2498 1165 2564 Febr.
1210 2500 1370 2565 haec
1416 2500 1641 2583 scripsi
1697 2502 1847 2563 ante
1893 2501 2123 2565 lucem:
2153 2526 2176 2566 v

217 2609 294 2652 eo
341 2587 443 2652 die
490 2588 661 2673 apud
706 2587 1137 2672 Pomponium
1181 2590 1253 2653 in
1298 2589 1432 2653 eius
1478 2589 1722 2672 nuptiis
1768 2609 1942 2652 eram
1988 2610 2125 2653 coe-

216 2680 508 2741 naturus.
598 2674 828 2741 Cetera
882 2680 1037 2742 sunt
1087 2677 1159 2742 in
1212 2677 1404 2742 rebus
1457 2679 1697 2742 nostris
1741 2675 2128 2760 huiusmodi,

218 2998 267 3044 5.
324 2920 634 3047 afim&
670 2939 884 3063 5353..)
892 2923 1219 3049 mbffl.
1233 2923 1393 3048 &¹¹³⁸
1395 2925 1637 3048 2322122‘22..
1649 2928 1717 3046 εἷς.
1722 2920 2131 3062 Ψῖεᾝὲἆῧᾱ

219 3061 289 3115 P.
332 3062 519 3118 Tullio
556 3064 666 3131 (W.
669 3068 727 3133 )⁴?
774 3095 840 3104 —
886 3065 1059 3119 edidit
1092 3069 1129 3132 †
1167 3065 1242 3120 ad
1277 3065 1535 3134 allegatos
1580 3063 1772 3132 (MR.)
1854 3080 1896 3117 e.
1934 3064 2130 3132 alliga-

214 3138 300 3187 tos
320 3133 429 3201 (W.
432 3137 488 3201 )⁴?
552 3151 595 3189 e.
625 3136 701 3190 ad
728 3135 878 3204 alliy.
907 3134 989 3201 L.
1008 3136 1071 3189 B.
1110 3166 1178 3175 —-
1220 3134 1529 3190 Cornelium
1559 3135 1806 3189 Bestiam
1835 3133 1945 3201 (vel
1973 3133 2130 3187 aliud

215 3203 448 3273 aliquod
487 3209 835 3276 cognomen).
927 3176 1136 3261 E’odem
1173 3206 1282 3275 (W.
1286 3208 1344 3274 γ)
1415 3207 1502 3260 An
1543 3205 1633 3260 G..-
1685 3206 1871 3274 itaque
1906 3202 2007 3271 (sic
2041 3203 2130 3270 R.)

213 3275 299 3328 rei
333 3280 467 3329 sunt
499 3277 655 3342 facti.
727 3275 938 3332 Eodem
975 3280 1075 3331 aut
1110 3277 1292 3332 simile
1330 3276 1571 3359 aliquid
1593 3275 1706 3342 (Or.
1711 3279 1766 3344 γε’·
1841 3274 1898 3329 0.
1936 3275 2045 3328 ista
2080 3274 2133 3327 ei

213 3346 395 3400 eodem
429 3345 561 3400 MR..
638 3346 696 3401 0.
726 3352 844 3402 sta.
867 3349 920 3401 ci
946 3348 1031 3402 cd.
1061 3347 1257 3402 Laudi.
1334 3354 1381 3402 6.
1421 3346 1690 3401 omnium.-
1724 3361 1850 3400 res.
1910 3347 2127 3412 ..orata

217 3416 373 3486 Quae
419 3417 569 3485 (W..)
662 3433 710 3472 o.
765 3417 927 3474 Res.
1003 3434 1163 3487 ‚qv-..·
1217 3434 1356 3486 quae
1399 3417 1458 3470 B.
1562 3422 1610 3471 ⁷.
1665 3415 1814 3468 Male
1859 3385 1921 3467 Β
1950 3416 2130 3466 totam

210 3487 361 3542 hanc
398 3489 819 3561 paragraphum
857 3505 893 3543 a
928 3494 959 3555 θ
1000 3495 1136 3543 1-—6
1176 3486 1459 3559 separavit
