2338 3691
772 117 1289 173 EPISTOLARUM
1325 117 1393 172 X.
1430 124 1515 174 33.
1554 124 1641 172 34.
2025 117 2155 183 343

243 286 468 330 80111111
505 264 729 328 salutis
765 259 1084 329 rationem
1120 263 1483 348 habuimuS,
1522 284 1642 328 nec
1676 266 1898 328 tamen
1934 284 2155 329 eorum

243 375 443 440 opera
485 353 727 418 utimur
779 374 988 437 neque
1031 353 1104 417 in
1149 353 1374 417 castris
1428 352 1740 417 habemus
1786 373 1993 436 neque
2037 353 2155 417 uui

242 441 509 528 negotio
554 442 997 544 praefecimus.
1088 441 1274 517 Quod
1320 441 1403 506 ad
1446 441 1687 506 bellum
1732 440 1858 507 hoc
1903 441 2156 525 attinet,

241 552 365 595 nec
401 530 655 595 senatui
689 552 810 595 nec
845 531 939 595 rei
974 529 1268 614 publicae
1305 529 1638 594 deerimus,
1711 528 1887 617 Quae
1929 533 2156 615 postea

243 619 586 705 egerimus,
628 618 865 683 faciam
907 622 973 683 te
1021 619 1379 683 certiorem.

380 884 526 950 Etsi
571 885 749 950 omni
801 888 1092 970 tempore
1138 906 1390 950 summa
1443 883 1657 950 studia
1699 884 1743 963 ’1-
1771 884 1968 948 officii
2019 906 2159 949 mu-

243 977 362 1039 tuo
407 975 578 1039 inter
621 996 742 1040 nos
779 974 1071 1039 certatim
1108 973 1543 1039 constiterunt
1559 1036 1560 1039 ,
1576 994 1695 1058 pro
1730 977 1955 1038 nostra
1989 973 2161 1038 inter

243 1084 369 1128 nos
412 1063 851 1127 familiaritate
906 1066 973 1126 et
1024 1062 1296 1146 proinde
1350 1062 1693 1148 diligenter
1746 1061 1828 1126 ab
1886 1065 2160 1146 utroque

244 1155 630 1217 conservata
666 1155 836 1236 sunt,
880 1154 1099 1216 tamen
1134 1172 1274 1216 non
1309 1150 1553 1236 dubito,
1596 1151 1668 1214 in
1701 1153 1888 1215 tanto
1925 1154 1992 1214 et
2024 1154 2161 1215 tam

244 1241 586 1324 repentino
641 1244 823 1306 motu
875 1241 971 1304 rei
1022 1239 1319 1324 publicae
1365 1239 1523 1324 quin
1564 1239 1883 1303 nonnulla
1935 1239 2014 1303 de
2058 1261 2160 1304 1118

244 1328 432 1394 falsis
475 1329 840 1394 rumoribus
887 1350 927 1393 a
971 1328 1128 1393 meis
1167 1328 1708 1394 obtrectatoribus
1744 1348 1847 1391 me
1889 1326 2160 1413 indigna

246 1417 333 1482 ad
377 1420 443 1482 te
489 1419 704 1483 delata
748 1418 896 1502 sint,
941 1439 1104 1501 quae
1148 1421 1336 1483 tuum
1371 1417 1658 1482 animum
1691 1436 1932 1501 magno
1970 1437 2161 1500 opere

248 1510 587 1572 moverent
629 1528 748 1591 pro
793 1510 908 1571 tuo
956 1528 1173 1572 amore
1218 1507 1290 1570 in
1332 1527 1470 1571 rem
1522 1505 1863 1590 publicam.
1951 1503 2055 1568 Ea
2096 1508 2162 1569 te

247 1595 578 1660 moderate
632 1596 952 1680 accepisse
1005 1616 1215 1679 neque
1267 1585 1508 1660 temere
1561 1593 1948 1659 credendum
1999 1592 2162 1658 iudi-

249 1704 432 1748 casse
502 1706 544 1749 a
609 1684 767 1749 meis
830 1684 1356 1769 procuratoribus
1420 1684 1654 1748 certior
1721 1704 1863 1747 sum
1923 1682 2164 1764 factus3

249 1794 416 1857 quae
452 1773 630 1858 mihi,
664 1776 741 1838 ut
774 1772 1028 1858 debent,
1063 1772 1432 1859 gratissima
1468 1775 1648 1858 sunt,
1686 1770 1952 1836 memini
1991 1770 2165 1836 enim

250 1865 329 1926 et
362 1862 478 1927 illa
520 1862 877 1947 superiora,
931 1883 1094 1947 quae
1148 1863 1266 1928 abs
1317 1867 1434 1928 tua
1484 1863 1819 1928 voluntate
1872 1861 2166 1945 profecta

252 1953 411 2015 sunt
452 1950 545 2015 ad
579 1972 791 2017 meam
835 1950 1222 2036 dignitatem
1265 1951 1629 2038 augendam
1678 1954 1745 2015 et
1788 1949 2165 2033 ornandam,

253 2043 775 2212 ἓέᾝέἲξῖἷὲῗ
819 2039 1530 2214 ἔξέἓωὲρὲἓορῗῖἒ,
1562 2038 1935 2194 Ἐᾶἴξὲἒ
1944 2037 2166 2208 ...²235

252 2215 541 2281 studium
595 2217 1083 2302 diligentissime
1137 2217 1574 2301 superioribus
1634 2215 2032 2300 temporibus
2095 2216 2166 2279 in

250 2325 325 2369 re
368 2304 627 2388 publica
671 2305 1207 2390 administranda,
1261 2327 1425 2390 quae
1471 2304 1714 2389 Lepido
1761 2304 1959 2389 digna
2017 2303 2167 2387 sint,

251 2396 591 2478 perspecta
633 2393 834 2459 habes
843 2444 862 2478 ,
914 2397 990 2458 ut
1033 2394 1217 2478 paria
1262 2398 1377 2459 aut
1429 2415 1504 2459 eo
1561 2393 1875 2479 ampliora
1918 2392 2165 2475 reliquo

251 2485 546 2565 tempore
600 2485 928 2567 exspectes
992 2485 1059 2546 et
1119 2483 1390 2566 proinde
1447 2486 1563 2547 tua
1626 2481 2009 2547 auctoritate
2062 2500 2166 2543 me

251 2570 569 2635 tuendum
605 2570 945 2654 existimes,
982 2592 1110 2654 quo
1146 2571 1269 2636 tibi
1303 2572 1491 2655 plura
1524 2574 1639 2635 tuo
1675 2570 1906 2634 merito
1946 2568 2166 2634 debeo.

257 2657 444 2722 Vale.
515 2657 595 2723 D.
641 2676 730 2723 XI.
775 2658 1103 2724 Kalendas
1140 2659 1382 2744 Iunias,
1426 2681 1505 2725 ex
1550 2659 1796 2743 castris,
1842 2678 1919 2722 ex
1957 2655 2166 2720 Ponte

257 2745 606 2832 Argenteo.

397 2973 502 3044 Ep.
532 2979 617 3042 34,
647 2980 698 3029 3.
768 2976 1224 3043 studius-officii
1259 2979 1445 3030 mutuo
1483 2974 1632 3059 (W..)
1704 2989 1748 3027 8.
1784 2987 1834 3027 0.
1860 2989 1928 3025 m.
1967 2971 2028 3024 B.
2100 2974 2164 3024 st.

252 3044 547 3115 officiaque
572 3050 767 3100 mutua
794 3045 876 3114 (L.
878 3048 1029 3116 )‘?—
1053 3051 1316 3115 perpetuo
1341 3047 1405 3100 in
1432 3046 1616 3101 animo
1644 3044 1797 3114 (W.).
1859 3058 1922 3111 p.
1952 3058 2043 3096 an.
2071 3040 2166 3107 M.,

253 3116 446 3186 vulgo.
520 3123 569 3170 4.
606 3118 776 3172 vitam
800 3118 1045 3172 studium
1070 3117 1484 3186 diligentissime
1511 3115 1645 3185 (M.).
1717 3130 1768 3169 v.
1795 3113 2085 3182 studiaque
2111 3112 2164 3166 d.

254 3187 368 3253 (W.
373 3190 430 3257 )⁴?
501 3203 571 3252 8.,
605 3189 866 3255 studium,
902 3189 1245 3257 diligentiam
1272 3187 1351 3255 L,
1380 3186 1442 3241 Β.
1481 3217 1549 3226 -
1586 3200 1725 3254 quae
1750 3183 1817 3238 L.
1848 3183 2020 3254 digna
2055 3183 2169 3237 sint

253 3257 392 3326 (W.)
467 3256 542 3328 [9.
578 3257 647 3313 L.
682 3260 737 3314 d.
773 3259 927 3330 swnt]
963 3257 1281 3328 Κ18Υ11.,Β.
1324 3256 1603 3326 (sathL,
1639 3255 1848 3327 vulgo).
