2338 3691
270 121 397 185 378
848 123 915 176 M.
956 121 1203 176 TULLII
1240 121 1621 177 CICERONIS

268 272 333 332 et
361 268 687 331 servitutis
728 266 910 332 dolor
939 267 1246 351 depulsus
1275 289 1413 331 esse
1441 266 1751 350 videatur,
1784 289 1887 331 res
1924 267 2189 351 publica

266 356 474 420 iaceat
517 356 586 419 in
631 355 710 419 iis
748 355 1360 440 perturbationibus,
1405 356 1474 420 in
1511 377 1671 439 quas
1709 377 1851 420 eam
1887 356 1995 420 ille
2033 377 2188 420 con-

271 444 437 509 iecit,
522 442 701 508 Haec
747 444 965 509 omnia
1008 445 1192 510 vobis
1239 449 1392 509 sunt
1436 444 1848 529 expedienda,
1893 465 2012 509 nec
2057 444 2187 509 hoc

266 531 709 618 cogitandum,
763 533 919 597 satis
964 534 1095 597 iam
1138 532 1378 597 habere
1433 554 1570 597 rem
1615 533 1941 617 publicam
1988 555 2029 596 a
2073 556 2187 598 vo-

264 621 393 685 bis:
438 621 638 685 habet
680 622 793 686 illa
840 622 1097 706 quidem
1141 625 1418 707 tantum,
1464 625 1779 706 quantum
1824 644 2185 706 numquam

264 709 423 774 mihi
469 709 537 773 in
583 714 866 775 mentem
902 711 1080 775 venit
1116 715 1360 795 optare,
1405 711 1515 775 sed
1554 713 1861 774 contenta
1900 732 2033 775 non
2081 716 2187 775 est

264 802 330 862 et
383 820 502 882 pro
558 798 1006 884 magnitudine
1033 803 1128 864 ‘et
1172 799 1373 864 animi
1428 802 1496 863 et
1546 799 1842 863 beneficii
1895 800 2096 864 vestri
2144 822 2183 864 a

264 887 446 952 vobis
502 908 741 974 magna
796 887 1132 953 desiderat.
1223 886 1456 952 Adhuc
1510 888 1650 952 ulta
1704 910 1853 953 suas
1907 887 2181 953 iniurias

130 1016 142 1027 ·
262 979 362 1040 est
414 998 531 1060 per
583 998 699 1041 vos
744 976 1010 1042 interitu
1064 977 1353 1061 tyranni3
1411 976 1576 1042 nihil
1631 977 1934 1061 amplius:
1991 999 2180 1042 orna-

260 1070 481 1129 menta
526 1086 676 1130 vero
724 1087 842 1130 sua
886 1087 1049 1150 quae
1096 1064 1520 1150 reciperavit?
1567 1065 1648 1130 ad
1687 1066 1858 1150 quod
1905 1067 1964 1130 ei
2009 1088 2180 1132 mor-

260 1157 373 1218 tuo
428 1157 640 1239 paret,
703 1177 893 1239 quem
958 1155 1175 1219 vivum
1219 1154 1385 1219 ferre
1440 1175 1576 1219 non
1629 1155 1929 1239 poterat?
1994 1155 2178 1220 cuius

261 1264 410 1307 aera
472 1243 739 1328 refigere
803 1244 1195 1309 debebamus
1204 1295 1222 1326 ,
1286 1243 1422 1308 eius
1487 1243 1684 1307 etiam
1742 1243 2179 1329 chirographa

260 1331 708 1396 defendimus?
797 1331 928 1417 „At
972 1333 1145 1397 enim
1200 1333 1294 1396 ita
1338 1331 1788 1396 decrevimuS.“
1876 1331 2177 1397 Fecimus

257 1420 323 1485 id
370 1421 628 1504 quidem
671 1422 1069 1506 temporibus
1125 1421 1449 1504 cedentes,
1505 1442 1668 1504 quae
1723 1422 1944 1486 valent
1986 1422 2056 1486 in
2105 1444 2176 1487 re

256 1510 515 1593 publica
579 1510 954 1594 plurimum3
1018 1510 1130 1575 sed
1185 1510 1603 1575 immoderate
1659 1510 1920 1593 quidam
1965 1513 2034 1575 et
2074 1511 2173 1574 in·

257 1602 439 1683 grate
485 1601 711 1664 nostra
754 1599 1064 1664 facilitate
1100 1599 1474 1664 abutuntur.
1547 1597 1791 1663 Verum
1828 1599 1987 1663 haec
2023 1620 2171 1684 pro-

256 1688 508 1771 pediem
553 1690 622 1751 et
663 1688 870 1753 multa
913 1689 1040 1753 alia
1086 1709 1332 1752 coram:
1377 1687 1635 1751 interim
1672 1687 1866 1751 velim
1913 1688 2003 1753 sic
2050 1688 2173 1753 tibi

255 1775 661 1859 persuadeas,
706 1776 865 1841 mihi
912 1799 1110 1863 quum
1163 1776 1258 1841 rei
1302 1776 1623 1862 publicae,
1678 1797 1872 1860 quam
1918 1798 2173 1863 semper

254 1863 453 1929 habui
507 1865 931 1951 carissimam,
983 1870 1122 1932 tum
1180 1866 1419 1932 amoris
1464 1866 1672 1931 nostri
1731 1887 1947 1930 causa
1969 1868 2170 1931 maxi-

254 1974 397 2018 mae
454 1974 641 2018 curae
688 1976 825 2019 esse
871 1959 1051 2020 tuam
1107 1955 1509 2040 dignitatem.
1599 1953 1702 2019 Da
1749 1976 2039 2039 operam,
2095 1961 2172 2021 ut

253 2042 487 2108 valeas.
577 2042 740 2109 Vale

1159 2236 1245 2302 II.

386 2349 500 2405 Sor.
540 2350 748 2406 Romae
787 2352 1022 2406 exeunte
1059 2355 1249 2405 mense
1289 2349 1604 2420 Septembri
1639 2365 1689 2404 a.
1728 2368 1783 2405 u.
1821 2367 1866 2405 c.
1907 2356 2028 2404 710.

834 2472 1096 2530 CICERO
1137 2473 1385 2529 CASSIO
1426 2473 1577 2529 SAL.

382 2574 816 2641 Vehementer
877 2576 1084 2640 laetor
1144 2574 1266 2640 tibi
1321 2574 1583 2676 probari
1644 2573 2033 2639 sententiam
2098 2577 2167 2638 et

249 2665 609 2731 orationem
662 2686 899 2746 meam3
955 2686 1082 2748 qua
1135 2664 1192 2728 si
1238 2663 1493 2747 saepius
1549 2661 1643 2728 uti
1697 2663 1941 2745 liceret,
1995 2662 2163 2727 nihil

248 2758 420 2819 esset
462 2755 710 2840 negotii
745 2754 1109 2817 libertatem
1147 2755 1215 2817 et
1247 2774 1383 2817 rem
1419 2752 1744 2837 publicam
1779 2751 2162 2835 reciperare3

248 2844 360 2908 sed
387 2843 582 2909 homo
612 2864 833 2907 amens
862 2844 928 2906 et
962 2840 1252 2941 perditus
1290 2841 1620 2924 multoque
1656 2839 1927 2924 nequior
1964 2862 2157 2924 quam

245 2931 409 2996 ille
390 2954 547 3017 1pse,
594 2953 784 3016 quem
818 2934 891 2996 tu
927 2929 1391 3018 nequissimum
1427 2929 1709 2994 occisum
1746 2949 1882 2993 esse
1924 2928 2161 3012 dixisti,

247 3021 459 3085 caedis
504 3021 763 3086 initium
808 3018 1077 3104 quaerit,
1119 3019 1491 3101 nullamque
1530 3018 1725 3082 aliam
1768 3017 1851 3082 ob
1899 3038 2160 3081 causam

248 3129 349 3172 me
405 3113 735 3175 auctorem
787 3107 986 3173 fuisse
1033 3105 1325 3173 Caesaris
1383 3106 1810 3171 interficiendi
1863 3106 2158 3171 crimina-

246 3198 379 3278 tur,
441 3197 568 3262 nisi
620 3202 696 3262 ut
747 3198 816 3262 in
880 3218 981 3261 me
1037 3195 1325 3261 veterani
1378 3195 1752 3261 incitentur.
1809 3194 1980 3279 quod
2036 3217 2157 3281 ego

388 3402 493 3471 Ep.
545 3409 601 3469 1,
638 3411 687 3459 2.
760 3407 1046 3462 desiderat.
1119 3406 1320 3462 Adhuc
1362 3405 1486 3460 ulta
1540 3407 1636 3473 (vu
1699 3407 1770 3473 o).
1861 3404 1913 3458 d.
1962 3404 2156 3459 adhuc.

259 3470 391 3525 Ulca
427 3472 640 3540 Kleyn..
677 3475 738 3529 B.
776 3506 842 3515 -—
893 3477 1027 3532 Vale
1064 3477 1178 3545 (M.,
1216 3476 1425 3547 vulgo).
1502 3474 1670 3547 [Vale
1733 3475 1946 3545 Kleyn„
1985 3473 2047 3529 B.
