2338 3691
156 195 159 202 ,
266 126 392 189 176
524 155 527 164 0
826 125 900 180 M.
932 124 1183 181 TULLn
1218 123 1602 181 memoras
1703 200 1708 203 ἠ

258 293 429 337 meas
483 271 732 335 litteras
740 321 758 355 ,
821 292 981 355 quas
1037 270 1096 337 ei
1148 270 1446 335 redderes
1455 320 1474 354 ‚
1535 290 1783 335 morem
1835 270 1914 334 iis
1969 270 2177 355 gessi:

254 382 474 427 earum
517 360 882 425 litterarum
927 362 1292 443 exemplum
1334 358 1510 424 infra
1554 359 1864 443 scriptum
1908 362 2026 424 est.

1151 552 1267 619 IX.

650 666 764 721 Ser.
794 666 1006 722 Romae
1035 669 1274 722 exeunte
1303 683 1450 722 anno
1478 685 1530 721 11.
1562 683 1607 720 c.
1640 672 1759 722 708.

536 791 614 850 M.
659 790 917 847 CICERO
969 791 1034 851 T.
1070 790 1447 847 FURFAMO
1495 788 1787 846 PROCOS.
1828 788 1883 845 S.

386 888 548 957 Cum
612 890 690 958 A.
745 890 1023 956 Caecina
1084 895 1273 957 tanta
1333 891 1496 956 mihi
1554 890 1961 956 familiaritas
2016 911 2176 956 con-

253 981 650 1065 suetudoque
698 1002 950 1083 semper
992 981 1138 1066 fuit,
1182 983 1257 1046 ut
1291 981 1472 1046 nulla
1507 980 1714 1045 maior
1756 1001 1898 1045 esse
1932 981 2178 1065 possit3

251 1091 406 1134 nam
450 1073 517 1135 et
559 1073 744 1155 patre
791 1071 947 1156 eine,
993 1071 1165 1135 claro
1213 1069 1476 1136 homine
1523 1073 1590 1134 et
1631 1069 1787 1135 forti
1822 1069 1982 1154 viro,
2025 1070 2176 1153 plu·

250 1159 487 1224 rimum
531 1181 676 1225 sum
721 1181 876 1225 usus
932 1162 998 1223 et
1050 1159 1226 1225 hunc
1281 1182 1321 1223 a
1363 1180 1592 1244 puer0‚
1646 1157 1830 1243 quod
1873 1162 1941 1222 et
1984 1180 2177 1241 spem

249 1269 557 1334 magnam
600 1248 763 1313 mihi
798 1247 1107 1314 afferebat
1142 1270 1431 1314 summae
1466 1247 1809 1332 probitatis
1850 1269 2176 1313 summae-

251 1349 374 1422 que
430 1337 832 1421 eloquentiae
888 1340 955 1406 et
1015 1337 1277 1402 vivebat
1333 1358 1584 1402 mecum
1643 1336 2174 1405 coniunctissime

249 1448 385 1492 non
430 1427 640 1492 solum
685 1426 1004 1492 amicitiae
1050 1426 1301 1512 officiis,
1347 1426 1458 1491 sed
1496 1426 1693 1490 etiam
1729 1426 1958 1491 studiis
1994 1446 2173 1491 com-

249 1516 578 1600 munibUS‚
634 1516 726 1580 sic
771 1535 1023 1600 semper
1077 1515 1295 1599 dilexi,
1347 1515 1528 1580 nullo
1582 1518 1658 1579 ut
1711 1536 1858 1579 cum
1902 1514 2171 1579 homine

251 1604 654 1670 coniunctius
707 1604 1007 1669 viverem.
1105 1603 1288 1670 Nihil
1343 1604 1579 1670 attinet
1621 1625 1725 1669 me
1777 1604 1969 1688 plura
2012 1605 2170 1668 scri-

249 1693 427 1777 bere3
473 1714 668 1777 quam
712 1692 874 1757 mihi
917 1714 1180 1759 necesse
1226 1693 1312 1758 sit
1356 1694 1492 1759 eius
1531 1693 1805 1758 salutem
1851 1695 1919 1757 et
1960 1692 2169 1758 fortu-

248 1802 368 1845 nas
415 1780 922 1866 quibuscumque
966 1782 1158 1848 rebus
1204 1782 1450 1868 possim
1494 1781 1679 1866 tueri,
1723 1781 1919 1847 vides.
1991 1780 2168 1847 Reli-

250 1891 449 1953 quum
495 1873 610 1955 est,
654 1873 744 1956 ut,
791 1893 990 1955 quum
1035 1873 1371 1958 cognorim
1415 1872 1710 1957 pluribus
1754 1871 1964 1956 rebu8‚
2010 1871 2168 1956 quid

246 1961 322 2027 tu
369 1961 435 2023 et
479 1958 558 2024 de
602 1959 925 2026 bonorum
968 1960 1237 2026 fortuna
1281 1965 1348 2026 et
1392 1961 1471 2026 de
1514 1961 1610 2025 rei
1653 1959 1949 2045 publicae
1997 1960 2166 2025 cala-

247 2047 582 2113 mitatibus
647 2050 943 2136 sentires,
1005 2050 1172 2115 m'hil
1225 2072 1265 2115 a
1317 2054 1383 2115 te
1445 2053 1690 2134 petam,
1751 2048 1880 2114 nisi
1941 2052 2018 2114 ut
2082 2049 2167 2113 ad

249 2158 393 2201 eam
437 2137 865 2223 voluntatem,
920 2161 1115 2224 quam
1168 2141 1285 2204 tua
1331 2142 1561 2223 sponte
1616 2158 1771 2224 erga
1817 2135 2165 2202 Caecinam

246 2223 585 2291 habiturus
651 2248 746 2312 εει,
806 2231 1030 2293 tantus
1086 2229 1378 2293 cumulus
1434 2227 1698 2293 accedat
1755 2226 2165 2293 commenda-

246 2314 425 2380 tione
469 2336 632 2399 mea,
678 2317 905 2400 quanti
949 2338 1051 2382 me
1099 2338 1139 2381 a
1182 2321 1249 2382 te
1293 2316 1433 2381 fieri
1467 2317 1791 2403 intelligo:
1835 2316 1961 2383 hoc
2001 2316 2163 2381 mihi

248 2404 496 2490 gratius
540 2405 754 2471 facere
798 2405 964 2472 nihil
1007 2409 1213 2490 potes.
1303 2405 1487 2472 Vale.

1156 2599 1238 2665 X.

832 2712 945 2768 Scr.
975 2712 1187 2767 Romae
1217 2729 1266 2767 a.
1296 2731 1349 2766 11.
1381 2728 1426 2766 ο.
1460 2717 1578 2767 708.

741 2834 999 2892 CICERO
1057 2836 1431 2892 TREBIANO
1490 2835 1545 2891 S.
1596 2835 1661 2890 D.

376 2934 523 3023 Ego
569 2937 796 3021 quanti
837 2939 905 3001 te
947 2936 1186 3002 faciam
1231 2958 1605 3022 semperque
1650 2935 1911 3002 fecerim
1958 2958 2160 3021 quan-

122 3048 130 3055 ·
246 3025 423 3108 tique
487 3045 589 3089 me
654 3047 693 3090 a
754 3029 821 3090 te
883 3026 1024 3091 fieri
1085 3026 1537 3111 intellexerim,
1603 3047 1747 3091 sum
1808 3023 1970 3089 mihi
2021 3026 2161 3109 ipse

246 3112 462 3194 testis;
531 3134 685 3176 nam
749 3117 816 3178 et
878 3114 1220 3180 consilium
1280 3118 1466 3180 tuum
1527 3114 1631 3178 vel
1694 3135 1879 3179 casus
1941 3115 2163 3198 potius

248 3198 487 3262 diutius
531 3199 601 3262 in
647 3203 840 3266 armis
888 3202 1181 3267 civilibus
1228 3203 1670 3269 commorandi
1706 3224 1955 3286 semper
1998 3203 2164 3268 mihi

248 3305 487 3368 magno
550 3284 757 3351 dolori
810 3289 960 3376 fuit,
1025 3293 1091 3356 et
1151 3291 1259 3356 hic
1313 3295 1580 3358 eventus
1588 3341 1606 3377 ‚
1670 3290 1841 3375 quod
1892 3291 2163 3375 tardiu8‚

386 3471 492 3541 Ep.
531 3479 581 3540 9,
609 3479 658 3528 2.
730 3479 954 3534 sentires
991 3482 1104 3550 (M.,
1142 3483 1352 3554 vulgo).
1424 3484 1629 3541 sentias
1662 3482 1776 3554 pal·
1816 3482 2000 3551 Taua,
2039 3482 2105 3538 Β·
