2338 3691
215 160 346 224 410
781 160 856 213 Μ.
894 159 1144 215 TULLII
1180 158 1566 215 CICERONIS

216 328 437 371 eorum
482 305 773 370 oratione
816 304 1105 369 intellexi
1150 305 1507 391 gratiarum
1556 305 1807 370 actione
1850 326 1960 370 eos
1996 327 2137 370 ma-

215 395 315 480 gis
362 414 548 479 egere
595 414 789 477 quam
834 393 1414 478 commendatione3
1458 396 1645 458 tanta
1682 394 1855 458 enim
1897 393 2132 459 libera-

212 484 398 547 litate
455 503 521 546 se
585 485 700 546 tua
753 504 904 547 usos
967 482 1454 567 praedicabant,
1517 485 1593 547 ut
1643 482 1723 547 iis
1778 483 1923 567 plus
1979 504 2018 546 a
2061 486 2132 547 te

213 571 529 635 tributum
564 570 1010 656 intelligerem,
1047 593 1244 655 quam
1280 591 1401 657 ego
1439 574 1504 636 te
1533 571 1834 636 auderem
1867 592 2129 657 rogare3

143 676 176 724 2
215 659 462 724 audebo
522 662 770 744 tamen,
835 660 966 724 scio
1014 660 1213 744 enim,
1259 663 1573 744 quantum
1625 660 1928 744 ponderis
1983 682 2131 724 mea

214 747 686 813 commendatio
735 749 821 813 sit
861 748 1183 813 habitura.
1256 747 1467 824 Quare
1513 770 1552 813 a
1596 751 1662 812 te
1707 751 1879 833 peto,
1923 751 1999 813 ut
2043 749 2128 813 ad

213 857 356 901 eam
408 836 890 921 liberalitatem,
953 859 1080 921 qua
1135 838 1272 902 sine
1326 837 1485 902 meis
1542 837 1775 902 litteris
1803 852 1984 902 ‘usus
2039 857 2129 922 es,

213 946 409 1009 quam
452 925 766 990 maximus
810 925 913 990 his
956 925 1191 990 litteris
1251 926 1541 991 cumulus
1587 925 1874 1010 accedat3
1930 930 2128 1010 caput

214 1019 430 1079 autem
485 1016 586 1078 est
638 1036 817 1079 meae
873 1015 1450 1080 commendationis
1458 1065 1476 1100 ,
1530 1036 1611 1079 ne
1665 1015 1916 1100 patiare
1961 1013 2125 1079 Ero-

211 1105 344 1167 tem
381 1102 668 1187 Turium,
704 1101 776 1180 Q.
804 1102 985 1168 'Furii
1020 1103 1342 1189 libertum,
1376 1106 1452 1168 ut
1487 1103 1696 1168 adhuc
1730 1103 1903 1187 fecit,
1941 1102 2124 1167 here-

211 1190 478 1256 ditatem
506 1190 857 1256 Turianam
885 1196 1172 1257 avertere
1200 1192 1552 1277 ceterisque
1592 1191 1888 1257 omnibus
1930 1192 2124 1256 rebus

208 1278 450 1345 habeas
496 1302 606 1346 eos
671 1303 710 1344 a
763 1302 865 1345 me
921 1280 1597 1346 commendatissimoa
1687 1279 1998 1366 Magnam
2044 1302 2124 1345 ex

210 1390 432 1441 eorum
478 1368 817 1454 splendore
865 1372 930 1434 et
974 1369 1385 1434 observantia
1431 1369 1643 1454 capies
1688 1370 2122 1453 voluptatem:

209 1457 382 1542 quod
408 1461 484 1522 ut
507 1458 684 1542 velis,
718 1461 785 1523 te
820 1457 1234 1523 vehementer
1270 1458 1465 1522 etiam
1504 1460 1697 1543 atque
1740 1457 1911 1522 enim
1938 1478 2121 1544 rogo.

496 1708 501 1711 ,
1017 1651 1295 1718 XXVII.

298 1763 412 1821 Scr.
450 1782 641 1820 mense
679 1766 890 1821 incerto
928 1765 1078 1836 (post
1113 1766 1261 1820 XIII.
1299 1765 1423 1819 Kal.
1460 1765 1600 1834 Ian.)
1638 1780 1687 1818 a.
1725 1782 1781 1818 u.
1817 1780 1867 1820 c.
1906 1770 2025 1819 710.

646 1888 944 1945 CICERO
983 1886 1474 1944 CORNIFICIO
1510 1887 1677 1944 SAL.

340 1986 480 2053 Sex.
526 1988 820 2055 Aufidius
866 1993 932 2055 et
978 1990 1415 2074 observantia,
1462 2011 1589 2073 qua
1633 2011 1737 2054 me
1784 1988 1968 2073 colit,
2014 2010 2113 2053 ac·

202 2076 375 2142 cedit
420 2077 500 2142 ad
544 2079 870 2163 proximos
914 2081 982 2143 et
1025 2078 1364 2164 splendore
1419 2078 1618 2161 equiti
1662 2075 1958 2143 Romano
2004 2099 2113 2142 ne-

202 2165 365 2230 mini
410 2166 603 2251 cedit3
660 2170 758 2231 est
801 2170 1018 2232 autem
1074 2168 1168 2232 ita
1211 2167 1584 2251 temperatis
1639 2167 2111 2251 moderatisque

202 2253 508 2340 moribuS,
565 2259 640 2320 ut
685 2277 934 2321 summa
980 2257 1286 2320 severitas
1332 2277 1582 2321 summa
1627 2276 1771 2319 cum
1815 2254 2110 2319 humani·

200 2345 341 2407 tate
400 2344 733 2429 iungatur:
806 2346 985 2409 cuius
1047 2344 1167 2409 tibi
1238 2344 1528 2430 negotia,
1601 2364 1763 2427 quae
1827 2347 1982 2409 sunt
2042 2343 2112 2407 in

201 2429 444 2517 Africa,
487 2432 582 2496 ita
627 2433 1022 2517 commend0,
1066 2436 1140 2497 ut
1176 2433 1416 2498 maiore
1455 2432 1668 2497 studio
1706 2433 1992 2517 magisve
2034 2454 2112 2495 ex

198 2519 420 2585 animo
468 2521 913 2587 commendare
965 2542 1102 2586 non
1153 2522 1417 2605 possim.
1514 2519 1897 2606 Pergratum
1950 2520 2112 2584 mihi

198 2608 446 2694 feceris,
491 2610 546 2673 si
574 2609 820 2675 dederis
849 2631 1128 2694 operam,
1164 2613 1239 2674 ut
1273 2610 1328 2673 is
1364 2609 1689 2695 intelligat
1724 2630 1899 2673 meas
1937 2608 2111 2693 apud

196 2699 265 2762 te
308 2698 559 2762 litteras
603 2698 953 2763 maximum
996 2697 1252 2781 pondus
1289 2697 1615 2763 habuisse:
1661 2697 1785 2761 hoc
1819 2700 1885 2761 te
1922 2697 2111 2762 vehe-

198 2790 466 2870 menter,
512 2786 601 2850 mi
647 2783 966 2869 Cornifici,
1008 2807 1189 2871 rogo.

999 2980 1308 3047 XXVIII.

86 3090 91 3094 ’
196 3088 313 3143 Ser.
350 3087 565 3147 Romae
600 3108 789 3148 mense
824 3092 1010 3164 Aprili
1047 3094 1199 3161 (ante
1236 3091 1381 3147 XVI.
1410 3091 1476 3147 Κ.
1506 3090 1705 3161 Maias)
1745 3109 1795 3147 a.
1823 3109 1876 3145 u.
1907 3108 1954 3147 c.
1988 3098 2108 3146 711.

636 3215 932 3273 CICERO
968 3207 1462 3272 CORNIFICIO
1496 3215 1662 3271 SAL.

132 3320 159 3367 ι
331 3307 668 3378 Assentior
701 3316 821 3380 tibi
856 3337 985 3401 eos,
1031 3338 1191 3400 quos
1238 3316 1463 3382 scribis
1501 3315 1807 3401 Lilybaeo
1851 3316 2107 3400 minari,

196 3395 343 3459 istic
387 3417 628 3479 poenas
675 3401 825 3467 dare
871 3403 1193 3489 debuisse,
1238 3405 1348 3470 sed
1394 3405 1697 3489 metuisti,
1742 3408 1817 3469 ut
1861 3405 1974 3489 ais,
2020 3426 2105 3469 ne

198 3481 388 3545 nimis
433 3482 596 3549 liber
647 3489 718 3551 in
759 3491 1123 3558 ulciscendo
1180 3493 1492 3578 viderere3
1547 3493 1832 3558 metuisti
1886 3494 2105 3580 igitur,
