2338 3691
238 100 334 154 DE
361 100 753 156 PETITIONE
783 98 1087 156 CONSUL.
1116 99 1215 155 AD
1243 93 1321 153 Μ.
1350 94 1707 156 FRATREM
1736 108 1957 157 10—18.
2017 101 2145 165 649

237 249 407 329 sunt,
452 246 625 311 nolle
671 245 786 310 abs
830 248 898 311 te
944 267 1012 311 se
1055 246 1303 312 honore
1349 247 1656 331 superari.
1735 246 1876 312 Iam
1917 247 1989 311 in
2032 270 2143 331 po·
2173 263 2228 305 1⁴

232 335 387 418 pulo
434 355 632 418 quam
674 334 863 399 multi
907 335 1110 399 invidi
1151 336 1300 419 sint,
1346 356 1540 418 quam
1574 336 1763 400 multi
1808 340 2145 400 consuetu-

235 422 382 487 dine
425 422 663 488 horum
709 444 1027 488 annorum
1082 424 1171 487 ab
1209 423 1581 488 hominibus
1633 424 1821 489 novis
1866 423 2147 507 alienati,

232 511 452 575 venire
496 511 624 576 tibi
663 511 736 575 in
780 515 1063 577 mentem
1109 515 1283 576 certo
1330 512 1489 595 sci03
1544 532 1682 577 esse
1737 512 1933 576 etiam
1985 534 2145 577 non-

233 600 446 664 nullos
491 599 616 663 tibi
659 599 861 664 iratos
906 621 985 664 ex
1027 600 1108 664 iis
1154 599 1383 683 causis,
1429 621 1587 683 quas
1634 599 1842 685 egisti,
1884 621 2145 664 necesse

233 690 348 753 est.
453 686 598 752 Iam
660 688 820 752 illud
880 691 1021 752 tute
1085 687 1586 772 circumspicito,
1648 689 1818 771 quod
1883 688 1964 752 ad
2030 686 2145 752 Cn.

227 774 519 861 Pompeii
576 777 852 861 gloriam
907 776 1271 861 augendam
1331 779 1515 841 tanto
1581 777 1795 841 studio
1853 780 1920 841 te
1975 776 2145 840 dedi-

228 864 405 948 disti,
467 885 637 929 num
699 886 861 948 quos
922 864 1046 929 tibi
1097 868 1289 948 putes
1348 865 1431 929 ob
1486 886 1626 928 eam
1683 886 1942 930 causam
2006 886 2145 929 esse

226 953 484 1018 amicos.
586 952 1034 1036 Quamobrem,
1083 975 1281 1036 quum
1327 957 1393 1016 613
1438 975 1758 1017 summum
1802 954 2016 1018 locum
2062 954 2229 1016 ci-15

229 1041 444 1106 vitatis
488 1044 683 1126 petas
729 1045 796 1106 et
839 1042 1057 1106 videas
1103 1063 1240 1106 esse
1288 1041 1519 1125 studia,
1564 1062 1725 1125 quae
1761 1042 1882 1105 tibi
1929 1041 2145 1105 adver-

231 1133 474 1213 sentur,
547 1130 851 1194 adhibeas
914 1150 1173 1195 necesse
1228 1133 1329 1194 est
1390 1150 1647 1194 omnem
1708 1129 2029 1194 rationem
2082 1132 2149 1193 et

231 1239 449 1283 curam
493 1222 568 1283 613
609 1218 897 1283 laborem
944 1220 1011 1282 et
1055 1217 1474 1303 diligentiam.

360 1306 451 1372 Et
505 1307 736 1390 petitio
791 1307 1288 1391 magistratuum
1341 1307 1546 1371 divisa
1599 1309 1700 1371 est
1748 1306 1820 1370 in
1875 1305 2146 1370 duarum
2174 1296 2231 1403 ᾗ

231 1396 562 1461 rationum
607 1395 1036 1480 diligentiam,
1089 1416 1361 1478 quarum
1416 1396 1619 1459 altera
1670 1396 1744 1459 in
1797 1395 2144 1460 amicorum

234 1484 489 1568 studiis,
547 1483 751 1547 altera
803 1484 875 1547 in
928 1483 1226 1567 populari
1281 1484 1613 1548 voluntate
1666 1482 1969 1567 ponenda
2031 1485 2145 1546 est.

232 1572 609 1637 Amicorum
655 1571 869 1636 studia
919 1571 1247 1636 beneficiis
1302 1575 1367 1636 et
1421 1571 1650 1636 officiis
1705 1576 1772 1635 et
1824 1573 2145 1635 vetustate

235 1664 299 1724 et
331 1661 646 1725 facilitate
685 1681 761 1724 ac
796 1660 1196 1724 iucunditate
1233 1663 1503 1724 naturae
1540 1662 1729 1743 parta
1773 1680 1911 1723 esse
1958 1680 2146 1742 opor-

233 1752 352 1831 tet3
415 1748 532 1814 sed
582 1747 709 1814 hoc
763 1769 1005 1813 nomen
1057 1749 1409 1812 amicorum
1461 1748 1531 1811 in
1584 1747 1895 1831 petitione
1950 1747 2145 1811 latius

233 1841 414 1922 patet
457 1859 654 1922 quam
708 1836 779 1901 in
825 1840 1037 1902 cetera
1088 1837 1251 1920 vita3
1306 1836 1591 1920 quisquis
1638 1838 1738 1901 est
1782 1836 1980 1920 enim,
2034 1836 2145 1921 qui

235 1927 536 1991 ostendat
580 1926 822 2009 aliquid
866 1927 938 1990 in
980 1928 1047 2003 te
1091 1925 1463 2008 voluntatis,
1508 1925 1617 2008 qui
1655 1925 1844 2008 colat,
1890 1924 1999 2008 qui
2036 1925 2145 1988 do-

234 2036 411 2079 mum
456 2014 756 2098 ventitet,
806 2015 865 2079 is
907 2014 979 2078 in
1023 2014 1376 2078 amicorum
1430 2035 1697 2078 numero
1754 2016 1854 2078 est
1904 2013 2144 2077 haben-

236 2101 382 2183 dus3
437 2101 550 2166 sed
595 2105 841 2186 tamen,
894 2102 1005 2185 qui
1060 2104 1215 2167 sunt
1267 2101 1457 2166 amici
1510 2122 1589 2164 ex
1642 2123 1836 2166 causa
1880 2101 2144 2165 iustiore

236 2189 646 2291 cognationis
700 2193 814 2254 aut
875 2190 1213 2255 affinitatis
1276 2193 1391 2253 aut
1442 2188 1802 2254 sodalitatis
1866 2190 1981 2252 aut
2034 2189 2145 2252 ali-

235 2279 418 2343 cuius
481 2278 998 2361 necessitudinis,
1058 2278 1138 2342 iis
1198 2299 1417 2342 carum
1482 2279 1549 2341 et
1599 2275 1951 2341 iucundum
2009 2298 2146 2339 esse

232 2367 512 2432 maxime
565 2367 845 2451 prodest.
941 2366 1219 2450 Deinde,
1271 2369 1348 2430 ut
1400 2365 1668 2449 quisque
1728 2366 1828 2428 est
1878 2363 2146 2439 intimus
2173 2381 2229 2422 rc

235 2476 311 2520 ac
365 2455 641 2520 maxime
696 2455 1084 2520 domesticus
1094 2505 1113 2538 ,
1174 2457 1252 2518 ut
1302 2454 1361 2519 is
1414 2456 1588 2517 amet
1640 2455 1708 2517 et
1768 2473 1961 2535 quam
2014 2473 2145 2517 am-

277 2544 594 2608 lissimum
647 2564 786 2609 esse
848 2546 915 2607 te
969 2543 1215 2626 cupiat,
1275 2542 1461 2607 valde
1516 2541 1978 2606 elaborandum
2032 2544 2148 2623 est,

231 2565 334 2717 ftu
259 2629 424 2717 tum]
471 2635 550 2696 ut
591 2631 881 2715 tribuleS,
922 2634 999 2696 1113
1042 2630 1265 2713 vicini,
1308 2632 1385 2695 ut
1428 2629 1711 2713 clientes,
1754 2632 1830 2693 ut
1874 2628 2147 2728 denique

230 2719 475 2804 liberti,
530 2723 861 2803 postremo
909 2719 1104 2783 etiam
1150 2719 1317 2783 servi
1360 2718 1486 2799 tui3
1537 2739 1692 2782 nam
1744 2717 1881 2781 fere
1937 2717 2146 2780 omnis

233 2828 442 2874 sermo
508 2807 591 2872 ad
656 2808 982 2873 forensem
1048 2807 1293 2871 famam
1356 2828 1396 2870 a
1459 2804 1825 2870 domesticis
1889 2807 2148 2868 emanat

233 2896 622 2961 auctoribus,
710 2895 1008 2978 Denique
1054 2898 1209 2958 sunt
1252 2892 1633 2958 instituendi
1688 2893 1993 2975 cuiusque
2041 2912 2146 2976 ge·
2177 2910 2230 2950 1⁸

231 2984 406 3047 neris
461 2984 677 3048 amici:
740 2983 825 3048 ad
880 2982 1158 3067 speciem
1211 2982 1507 3047 homines
1565 2982 1848 3046 illustres
1902 2980 2146 3044 honore

374 3157 856 3224 4‚14.dedidisti
893 3157 1037 3224 (cdd.
1066 3156 1347 3227 Palermi).
1403 3158 1625 3212 edidisti
1652 3155 1767 3210 Erf.
1797 3155 1996 3210 dedisti
2019 3153 2154 3209 edd.-

227 3227 486 3296 ν61313.,Β.
575 3233 656 3282 15.
713 3244 853 3297 quae
887 3229 992 3282 tibi
1027 3229 1235 3283 advers.
1282 3228 1513 3298 (vulgo).
1585 3244 1723 3294 q..a
1772 3225 1912 3292 Erf„
1950 3225 2012 3279 B.
2096 3230 2146 3290 ὅ,

232 3302 316 3351 16.
371 3298 799 3367 mayistratuum
844 3299 1077 3368 (vulgo).
1169 3299 1527 3367 magistratus
1577 3296 1722 3362 Erf.,
1759 3296 1821 3349 Β.
1917 3301 1999 3349 17.
2054 3299 2147 3358 est,

229 3365 394 3439 [tum]
433 3375 497 3422 ut
531 3369 683 3438 (W..)
768 3385 814 3424 6.
850 3374 915 3424 ut
949 3369 1073 3423 cdd.
1112 3368 1383 3437 Palermi,
1453 3371 1539 3432 Τ.,
1619 3366 1705 3420 ed.
1749 3365 1963 3419 Bonon.
2053 3369 2148 3429 est,

225 3441 345 3490 mm
370 3444 444 3493 ut
485 3442 621 3506 Erf„
660 3444 837 3512 vulga.
