<?xml version="1.0" encoding="UTF-8"?>
<!DOCTYPE html PUBLIC "-//W3C//DTD XHTML 1.0 Transitional//EN"
    "http://www.w3.org/TR/xhtml1/DTD/xhtml1-transitional.dtd">
<html xmlns="http://www.w3.org/1999/xhtml" xml:lang="en" lang="en">
 <head>
  <title>
</title>
<meta http-equiv="Content-Type" content="text/html;charset=utf-8" />
  <meta name='ocr-system' content='tesseract 3.04.00' />
  <meta name='ocr-capabilities' content='ocr_page ocr_carea ocr_par ocr_line ocrx_word'/>
</head>
<body>
  <div class='ocr_page' id='page_1' title='image "./scriptaquaemans02wesegoog_0108.png"; bbox 0 0 2338 3691; ppageno 0'>
   <div class='ocr_carea' id='block_1_1' title="bbox 223 51 1563 124">
    <p class='ocr_par' dir='ltr' id='par_1_1' title="bbox 223 51 1563 124">
     <span class='ocr_line' id='line_1_1' title="bbox 223 51 1563 124; baseline -0.001 -11"><span class='ocrx_word' id='word_1_1' title='bbox 223 57 311 124; x_wconf 88' lang='grc'>94</span> <span class='ocrx_word' id='word_1_2' title='bbox 790 58 864 113; x_wconf 86' lang='grc' dir='ltr'>Μ.</span> <span class='ocrx_word' id='word_1_3' title='bbox 894 55 1142 112; x_wconf 85' lang='lat' dir='ltr'>TULLII</span> <span class='ocrx_word' id='word_1_4' title='bbox 1180 51 1563 111; x_wconf 85' lang='lat' dir='ltr'>CICERONIS</span> 
     </span>
    </p>
   </div>
   <div class='ocr_carea' id='block_1_2' title="bbox 222 200 2140 641">
    <p class='ocr_par' dir='ltr' id='par_1_2' title="bbox 222 200 2140 641">
     <span class='ocr_line' id='line_1_2' title="bbox 224 200 2134 287; baseline -0.002 -18"><span class='ocrx_word' id='word_1_5' title='bbox 224 204 638 270; x_wconf 89' lang='lat' dir='ltr'>coniunctum</span> <span class='ocrx_word' id='word_1_6' title='bbox 695 202 1033 267; x_wconf 89' lang='lat' dir='ltr'>consilium</span> <span class='ocrx_word' id='word_1_7' title='bbox 1076 204 1264 267; x_wconf 91' lang='lat' dir='ltr'>tuum</span> <span class='ocrx_word' id='word_1_8' title='bbox 1312 222 1457 265; x_wconf 89' lang='lat' dir='ltr'>cum</span> <span class='ocrx_word' id='word_1_9' title='bbox 1502 223 1674 287; x_wconf 90' lang='lat' dir='ltr'>meo,</span> <span class='ocrx_word' id='word_1_10' title='bbox 1722 200 2134 287; x_wconf 80' lang='lat' dir='ltr'>supersedeas</span> 
     </span>
     <span class='ocr_line' id='line_1_3' title="bbox 222 290 2135 376; baseline -0.002 -19"><span class='ocrx_word' id='word_1_11' title='bbox 222 293 346 357; x_wconf 88' lang='lat' dir='ltr'>hoc</span> <span class='ocrx_word' id='word_1_12' title='bbox 408 292 627 356; x_wconf 89' lang='lat' dir='ltr'>labore</span> <span class='ocrx_word' id='word_1_13' title='bbox 690 291 967 375; x_wconf 82' lang='lat' dir='ltr'>itineris3</span> <span class='ocrx_word' id='word_1_14' title='bbox 1031 290 1133 355; x_wconf 90' lang='lat' dir='ltr'>sin</span> <span class='ocrx_word' id='word_1_15' title='bbox 1198 293 1413 355; x_wconf 90' lang='lat' dir='ltr'>autem</span> <span class='ocrx_word' id='word_1_16' title='bbox 1469 295 1592 375; x_wconf 90' lang='lat' dir='ltr'>est,</span> <span class='ocrx_word' id='word_1_17' title='bbox 1658 290 1829 376; x_wconf 91' lang='lat' dir='ltr'>quod</span> <span class='ocrx_word' id='word_1_18' title='bbox 1884 311 2135 356; x_wconf 88' lang='lat' dir='ltr'>mecum</span> 
     </span>
     <span class='ocr_line' id='line_1_4' title="bbox 226 378 2138 464; baseline -0.002 -18"><span class='ocrx_word' id='word_1_19' title='bbox 226 379 695 446; x_wconf 84' lang='lat' dir='ltr'>communicare</span> <span class='ocrx_word' id='word_1_20' title='bbox 749 380 935 463; x_wconf 81' lang='lat' dir='ltr'>velis,</span> <span class='ocrx_word' id='word_1_21' title='bbox 990 399 1110 464; x_wconf 85' lang='lat' dir='ltr'>ego</span> <span class='ocrx_word' id='word_1_22' title='bbox 1164 381 1231 442; x_wconf 88' lang='lat' dir='ltr'>te</span> <span class='ocrx_word' id='word_1_23' title='bbox 1286 378 1687 463; x_wconf 76' lang='lat' dir='ltr'>exspectabo.</span> <span class='ocrx_word' id='word_1_24' title='bbox 1779 378 1907 464; x_wconf 82' lang='lat' dir='ltr'>Tu,</span> <span class='ocrx_word' id='word_1_25' title='bbox 1965 379 2138 463; x_wconf 88' lang='lat' dir='ltr'>quod</span> 
     </span>
     <span class='ocr_line' id='line_1_5' title="bbox 223 466 2140 553; baseline -0.001 -20"><span class='ocrx_word' id='word_1_26' title='bbox 223 472 337 533; x_wconf 90' lang='lat' dir='ltr'>tuo</span> <span class='ocrx_word' id='word_1_27' title='bbox 377 468 710 533; x_wconf 90' lang='lat' dir='ltr'>commodo</span> <span class='ocrx_word' id='word_1_28' title='bbox 747 467 881 553; x_wconf 91' lang='lat' dir='ltr'>fiat,</span> <span class='ocrx_word' id='word_1_29' title='bbox 919 489 1112 553; x_wconf 89' lang='lat' dir='ltr'>quam</span> <span class='ocrx_word' id='word_1_30' title='bbox 1149 466 1431 551; x_wconf 89' lang='lat' dir='ltr'>primum</span> <span class='ocrx_word' id='word_1_31' title='bbox 1468 468 1659 532; x_wconf 83' lang='lat' dir='ltr'>velim</span> <span class='ocrx_word' id='word_1_32' title='bbox 1696 467 1936 551; x_wconf 77' lang='lat' dir='ltr'>veniaS,</span> <span class='ocrx_word' id='word_1_33' title='bbox 1974 468 2140 532; x_wconf 90' lang='lat' dir='ltr'>sicut</span> 
     </span>
     <span class='ocr_line' id='line_1_6' title="bbox 222 554 2007 641; baseline -0.001 -20"><span class='ocrx_word' id='word_1_34' title='bbox 222 557 510 622; x_wconf 79' lang='lat' dir='ltr'>intellexi</span> <span class='ocrx_word' id='word_1_35' title='bbox 555 558 622 621; x_wconf 89' lang='lat' dir='ltr'>et</span> <span class='ocrx_word' id='word_1_36' title='bbox 667 554 888 621; x_wconf 85' lang='lat' dir='ltr'>Servio</span> <span class='ocrx_word' id='word_1_37' title='bbox 936 560 1001 621; x_wconf 90' lang='lat' dir='ltr'>et</span> <span class='ocrx_word' id='word_1_38' title='bbox 1042 554 1414 621; x_wconf 80' lang='lat' dir='ltr'>Postumiae</span> <span class='ocrx_word' id='word_1_39' title='bbox 1465 556 1736 641; x_wconf 87' lang='lat' dir='ltr'>placere.</span> <span class='ocrx_word' id='word_1_40' title='bbox 1824 554 2007 621; x_wconf 90' lang='lat' dir='ltr'>Vale.</span> 
     </span>
    </p>
   </div>
   <div class='ocr_carea' id='block_1_3' title="bbox 1049 744 1233 815">
    <p class='ocr_par' dir='ltr' id='par_1_3' title="bbox 1049 744 1233 815">
     <span class='ocr_line' id='line_1_7' title="bbox 1049 744 1233 815; baseline -0.011 1"><span class='ocrx_word' id='word_1_41' title='bbox 1049 744 1060 754; x_wconf 83' lang='grc'><strong>’</strong></span> <span class='ocrx_word' id='word_1_42' title='bbox 1113 749 1233 815; x_wconf 91' lang='lat' dir='ltr'><strong>III.</strong></span> 
     </span>
    </p>
   </div>
   <div class='ocr_carea' id='block_1_4' title="bbox 350 862 2009 931">
    <p class='ocr_par' dir='ltr' id='par_1_4' title="bbox 350 862 2009 931">
     <span class='ocr_line' id='line_1_8' title="bbox 350 862 2009 931; baseline -0.001 -13"><span class='ocrx_word' id='word_1_43' title='bbox 350 863 462 918; x_wconf 83' lang='lat' dir='ltr'>Ser.</span> <span class='ocrx_word' id='word_1_44' title='bbox 502 863 714 919; x_wconf 81' lang='lat' dir='ltr'>Romae</span> <span class='ocrx_word' id='word_1_45' title='bbox 751 864 986 918; x_wconf 89' lang='lat' dir='ltr'>exeunte</span> <span class='ocrx_word' id='word_1_46' title='bbox 1023 879 1214 919; x_wconf 85' lang='lat' dir='ltr'>mense</span> <span class='ocrx_word' id='word_1_47' title='bbox 1252 862 1570 931; x_wconf 86' lang='lat' dir='ltr'>Septembri</span> <span class='ocrx_word' id='word_1_48' title='bbox 1620 878 1670 916; x_wconf 88' lang='lat' dir='ltr'>a.</span> <span class='ocrx_word' id='word_1_49' title='bbox 1708 879 1762 918; x_wconf 87' lang='lat' dir='ltr'>u.</span> <span class='ocrx_word' id='word_1_50' title='bbox 1799 878 1847 918; x_wconf 88' lang='lat' dir='ltr'>c.</span> <span class='ocrx_word' id='word_1_51' title='bbox 1888 868 2009 918; x_wconf 80' lang='lat'><strong>708.</strong></span> 
     </span>
    </p>
   </div>
   <div class='ocr_carea' id='block_1_5' title="bbox 604 984 1756 1042">
    <p class='ocr_par' dir='ltr' id='par_1_5' title="bbox 604 984 1756 1042">
     <span class='ocr_line' id='line_1_9' title="bbox 604 984 1756 1042; baseline -0.002 -1"><span class='ocrx_word' id='word_1_52' title='bbox 604 986 676 1042; x_wconf 87' lang='lat' dir='ltr'>M.</span> <span class='ocrx_word' id='word_1_53' title='bbox 717 985 974 1041; x_wconf 84' lang='lat' dir='ltr'>CICERO</span> <span class='ocrx_word' id='word_1_54' title='bbox 1013 985 1067 1041; x_wconf 87' lang='lat' dir='ltr'>S.</span> <span class='ocrx_word' id='word_1_55' title='bbox 1105 986 1171 1040; x_wconf 93' lang='lat' dir='ltr'>D.</span> <span class='ocrx_word' id='word_1_56' title='bbox 1213 984 1368 1040; x_wconf 87' lang='lat' dir='ltr'><strong>SER.</strong></span> <span class='ocrx_word' id='word_1_57' title='bbox 1410 984 1756 1041; x_wconf 89' lang='lat' dir='ltr'>SULPICIO.</span> 
     </span>
    </p>
   </div>
   <div class='ocr_carea' id='block_1_6' title="bbox 162 1085 2152 3474">
    <p class='ocr_par' dir='ltr' id='par_1_6' title="bbox 162 1085 2152 3209">
     <span class='ocr_line' id='line_1_10' title="bbox 162 1085 2142 1152; baseline 0.001 -2"><span class='ocrx_word' id='word_1_58' title='bbox 162 1100 187 1150; x_wconf 91' lang='lat'><strong>1</strong></span> <span class='ocrx_word' id='word_1_59' title='bbox 360 1085 793 1152; x_wconf 89' lang='lat' dir='ltr'>Vehementer</span> <span class='ocrx_word' id='word_1_60' title='bbox 844 1089 909 1151; x_wconf 88' lang='lat' dir='ltr'>te</span> <span class='ocrx_word' id='word_1_61' title='bbox 965 1108 1102 1151; x_wconf 90' lang='lat' dir='ltr'>esse</span> <span class='ocrx_word' id='word_1_62' title='bbox 1148 1086 1497 1150; x_wconf 89' lang='lat' dir='ltr'>sollicitum</span> <span class='ocrx_word' id='word_1_63' title='bbox 1543 1089 1610 1150; x_wconf 91' lang='lat' dir='ltr'>et</span> <span class='ocrx_word' id='word_1_64' title='bbox 1660 1086 1733 1151; x_wconf 93' lang='lat' dir='ltr'>in</span> <span class='ocrx_word' id='word_1_65' title='bbox 1787 1086 2142 1151; x_wconf 84' lang='lat' dir='ltr'>communi-</span> 
     </span>
     <span class='ocr_line' id='line_1_11' title="bbox 228 1174 2143 1260; baseline -0.002 -18"><span class='ocrx_word' id='word_1_66' title='bbox 228 1176 348 1242; x_wconf 92' lang='lat' dir='ltr'>bus</span> <span class='ocrx_word' id='word_1_67' title='bbox 402 1175 675 1240; x_wconf 89' lang='lat' dir='ltr'>miseriis</span> <span class='ocrx_word' id='word_1_68' title='bbox 738 1175 1082 1260; x_wconf 91' lang='lat' dir='ltr'>praecipuo</span> <span class='ocrx_word' id='word_1_69' title='bbox 1139 1174 1421 1257; x_wconf 90' lang='lat' dir='ltr'>quodam</span> <span class='ocrx_word' id='word_1_70' title='bbox 1476 1174 1695 1240; x_wconf 91' lang='lat' dir='ltr'>dolore</span> <span class='ocrx_word' id='word_1_71' title='bbox 1752 1174 1907 1259; x_wconf 84' lang='lat' dir='ltr'>angi</span> <span class='ocrx_word' id='word_1_72' title='bbox 1952 1175 2143 1239; x_wconf 88' lang='lat' dir='ltr'>multi</span> 
     </span>
     <span class='ocr_line' id='line_1_12' title="bbox 230 1262 2141 1349; baseline -0.002 -18"><span class='ocrx_word' id='word_1_73' title='bbox 230 1266 309 1331; x_wconf 87' lang='lat' dir='ltr'>ad</span> <span class='ocrx_word' id='word_1_74' title='bbox 355 1286 476 1329; x_wconf 89' lang='lat' dir='ltr'>nos</span> <span class='ocrx_word' id='word_1_75' title='bbox 524 1264 807 1348; x_wconf 90' lang='lat' dir='ltr'>quotidie</span> <span class='ocrx_word' id='word_1_76' title='bbox 855 1264 1178 1346; x_wconf 83' lang='lat' dir='ltr'>deferunt3</span> <span class='ocrx_word' id='word_1_77' title='bbox 1224 1263 1396 1346; x_wconf 91' lang='lat' dir='ltr'>quod</span> <span class='ocrx_word' id='word_1_78' title='bbox 1442 1284 1831 1349; x_wconf 90' lang='lat' dir='ltr'>quamquam</span> <span class='ocrx_word' id='word_1_79' title='bbox 1874 1262 2141 1328; x_wconf 89' lang='lat' dir='ltr'>minime</span> 
     </span>
     <span class='ocr_line' id='line_1_13' title="bbox 228 1351 2143 1437; baseline -0.003 -17"><span class='ocrx_word' id='word_1_80' title='bbox 228 1355 429 1420; x_wconf 90' lang='lat' dir='ltr'>miror</span> <span class='ocrx_word' id='word_1_81' title='bbox 474 1356 540 1417; x_wconf 88' lang='lat' dir='ltr'>et</span> <span class='ocrx_word' id='word_1_82' title='bbox 582 1374 798 1419; x_wconf 89' lang='lat' dir='ltr'>meum</span> <span class='ocrx_word' id='word_1_83' title='bbox 835 1351 1308 1437; x_wconf 90' lang='lat' dir='ltr'>quodammodo</span> <span class='ocrx_word' id='word_1_84' title='bbox 1348 1371 1650 1437; x_wconf 83' lang='lat' dir='ltr'>agnoscO,</span> <span class='ocrx_word' id='word_1_85' title='bbox 1698 1352 1881 1416; x_wconf 92' lang='lat' dir='ltr'>doleo</span> <span class='ocrx_word' id='word_1_86' title='bbox 1919 1353 2143 1416; x_wconf 90' lang='lat' dir='ltr'>tamen</span> 
     </span>
     <span class='ocr_line' id='line_1_14' title="bbox 229 1440 2142 1527; baseline -0.001 -20"><span class='ocrx_word' id='word_1_87' title='bbox 229 1449 295 1508; x_wconf 89' lang='lat' dir='ltr'>te</span> <span class='ocrx_word' id='word_1_88' title='bbox 360 1441 677 1527; x_wconf 86' lang='lat' dir='ltr'>sapientia</span> <span class='ocrx_word' id='word_1_89' title='bbox 737 1440 1101 1525; x_wconf 89' lang='lat' dir='ltr'>praeditum</span> <span class='ocrx_word' id='word_1_90' title='bbox 1162 1462 1364 1525; x_wconf 91' lang='lat' dir='ltr'>prope</span> <span class='ocrx_word' id='word_1_91' title='bbox 1429 1440 1745 1526; x_wconf 86' lang='lat' dir='ltr'>singulari</span> <span class='ocrx_word' id='word_1_92' title='bbox 1811 1460 1948 1505; x_wconf 94' lang='lat' dir='ltr'>non</span> <span class='ocrx_word' id='word_1_93' title='bbox 2012 1440 2142 1505; x_wconf 89' lang='lat' dir='ltr'>tuis</span> 
     </span>
     <span class='ocr_line' id='line_1_15' title="bbox 230 1528 2142 1614; baseline -0.002 -18"><span class='ocrx_word' id='word_1_94' title='bbox 230 1532 418 1596; x_wconf 91' lang='lat' dir='ltr'>bonis</span> <span class='ocrx_word' id='word_1_95' title='bbox 465 1530 767 1595; x_wconf 87' lang='lat' dir='ltr'>delectari</span> <span class='ocrx_word' id='word_1_96' title='bbox 812 1530 1028 1614; x_wconf 87' lang='lat' dir='ltr'>potius</span> <span class='ocrx_word' id='word_1_97' title='bbox 1085 1550 1304 1614; x_wconf 49' lang='lat' dir='ltr'>quam„</span> <span class='ocrx_word' id='word_1_98' title='bbox 1326 1528 1552 1594; x_wconf 90' lang='lat' dir='ltr'>alienis</span> <span class='ocrx_word' id='word_1_99' title='bbox 1597 1529 1783 1594; x_wconf 89' lang='lat' dir='ltr'>malis</span> <span class='ocrx_word' id='word_1_100' title='bbox 1828 1528 2142 1593; x_wconf 90' lang='lat' dir='ltr'>laborare.</span> 
     </span>
     <span class='ocr_line' id='line_1_16' title="bbox 231 1617 2143 1703; baseline -0.002 -19"><span class='ocrx_word' id='word_1_101' title='bbox 231 1619 337 1684; x_wconf 91' lang='lat' dir='ltr'>Me</span> <span class='ocrx_word' id='word_1_102' title='bbox 385 1618 674 1703; x_wconf 90' lang='lat' dir='ltr'>quidem,</span> <span class='ocrx_word' id='word_1_103' title='bbox 729 1618 851 1683; x_wconf 89' lang='lat' dir='ltr'>etsi</span> <span class='ocrx_word' id='word_1_104' title='bbox 894 1618 1138 1682; x_wconf 87' lang='lat' dir='ltr'>nemini</span> <span class='ocrx_word' id='word_1_105' title='bbox 1185 1617 1493 1702; x_wconf 92' lang='lat' dir='ltr'>conced0,</span> <span class='ocrx_word' id='word_1_106' title='bbox 1547 1618 1656 1701; x_wconf 89' lang='lat' dir='ltr'>qui</span> <span class='ocrx_word' id='word_1_107' title='bbox 1709 1617 2021 1682; x_wconf 89' lang='lat' dir='ltr'>maiorem</span> <span class='ocrx_word' id='word_1_108' title='bbox 2067 1639 2143 1683; x_wconf 90' lang='lat' dir='ltr'>ex</span> 
     </span>
     <span class='ocr_line' id='line_1_17' title="bbox 232 1705 2144 1792; baseline -0.001 -21"><span class='ocrx_word' id='word_1_109' title='bbox 232 1706 512 1792; x_wconf 83' lang='lat' dir='ltr'>pernicie</span> <span class='ocrx_word' id='word_1_110' title='bbox 568 1710 634 1769; x_wconf 94' lang='lat' dir='ltr'>et</span> <span class='ocrx_word' id='word_1_111' title='bbox 684 1708 865 1790; x_wconf 88' lang='lat' dir='ltr'>peste</span> <span class='ocrx_word' id='word_1_112' title='bbox 929 1706 1023 1770; x_wconf 90' lang='lat' dir='ltr'>rei</span> <span class='ocrx_word' id='word_1_113' title='bbox 1084 1706 1378 1790; x_wconf 88' lang='lat' dir='ltr'>publicae</span> <span class='ocrx_word' id='word_1_114' title='bbox 1440 1705 1803 1771; x_wconf 89' lang='lat' dir='ltr'>molestiam</span> <span class='ocrx_word' id='word_1_115' title='bbox 1856 1706 2144 1790; x_wconf 86' lang='lat' dir='ltr'>traxerit,</span> 
     </span>
     <span class='ocr_line' id='line_1_18' title="bbox 233 1794 2145 1880; baseline 0 -19"><span class='ocrx_word' id='word_1_116' title='bbox 233 1802 452 1861; x_wconf 89' lang='lat' dir='ltr'>tamen</span> <span class='ocrx_word' id='word_1_117' title='bbox 479 1794 683 1860; x_wconf 90' lang='lat' dir='ltr'>multa</span> <span class='ocrx_word' id='word_1_118' title='bbox 708 1794 853 1860; x_wconf 87' lang='lat' dir='ltr'>iam·</span> <span class='ocrx_word' id='word_1_119' title='bbox 877 1795 1293 1861; x_wconf 85' lang='lat' dir='ltr'>consolantur</span> <span class='ocrx_word' id='word_1_120' title='bbox 1318 1794 1718 1880; x_wconf 88' lang='lat' dir='ltr'>maximeque</span> <span class='ocrx_word' id='word_1_121' title='bbox 1749 1794 2145 1861; x_wconf 89' lang='lat' dir='ltr'>conscientia</span> 
     </span>
     <span class='ocr_line' id='line_1_19' title="bbox 234 1883 2146 1968; baseline -0.001 -18"><span class='ocrx_word' id='word_1_122' title='bbox 234 1883 647 1950; x_wconf 89' lang='lat' dir='ltr'>consiliorum</span> <span class='ocrx_word' id='word_1_123' title='bbox 709 1905 1022 1968; x_wconf 80' lang='lat' dir='ltr'>meorum3</span> <span class='ocrx_word' id='word_1_124' title='bbox 1082 1885 1287 1949; x_wconf 90' lang='lat' dir='ltr'>multo</span> <span class='ocrx_word' id='word_1_125' title='bbox 1354 1884 1528 1948; x_wconf 90' lang='lat' dir='ltr'>enim</span> <span class='ocrx_word' id='word_1_126' title='bbox 1597 1887 1747 1949; x_wconf 91' lang='lat' dir='ltr'>ante</span> <span class='ocrx_word' id='word_1_127' title='bbox 1811 1888 2146 1968; x_wconf 88' lang='lat' dir='ltr'>tamquam</span> 
     </span>
     <span class='ocr_line' id='line_1_20' title="bbox 235 1972 2147 2058; baseline 0 -20"><span class='ocrx_word' id='word_1_128' title='bbox 235 1996 311 2038; x_wconf 90' lang='lat' dir='ltr'>ex</span> <span class='ocrx_word' id='word_1_129' title='bbox 366 1973 580 2057; x_wconf 90' lang='lat' dir='ltr'>aliqua</span> <span class='ocrx_word' id='word_1_130' title='bbox 643 1973 902 2057; x_wconf 90' lang='lat' dir='ltr'>specula</span> <span class='ocrx_word' id='word_1_131' title='bbox 962 1973 1263 2057; x_wconf 89' lang='lat' dir='ltr'>prospexi</span> <span class='ocrx_word' id='word_1_132' title='bbox 1324 1976 1775 2058; x_wconf 90' lang='lat' dir='ltr'>tempestatem</span> <span class='ocrx_word' id='word_1_133' title='bbox 1837 1972 2147 2057; x_wconf 88' lang='lat' dir='ltr'>futuram,</span> 
     </span>
     <span class='ocr_line' id='line_1_21' title="bbox 233 2060 2146 2148; baseline 0.001 -22"><span class='ocrx_word' id='word_1_134' title='bbox 233 2083 440 2146; x_wconf 90' lang='lat' dir='ltr'>neque</span> <span class='ocrx_word' id='word_1_135' title='bbox 477 2060 543 2125; x_wconf 89' lang='lat' dir='ltr'>id</span> <span class='ocrx_word' id='word_1_136' title='bbox 580 2062 789 2127; x_wconf 91' lang='lat' dir='ltr'>solum</span> <span class='ocrx_word' id='word_1_137' title='bbox 823 2083 968 2126; x_wconf 89' lang='lat' dir='ltr'>mea</span> <span class='ocrx_word' id='word_1_138' title='bbox 1003 2064 1253 2146; x_wconf 90' lang='lat' dir='ltr'>sponte,</span> <span class='ocrx_word' id='word_1_139' title='bbox 1299 2062 1410 2125; x_wconf 91' lang='lat' dir='ltr'>sed</span> <span class='ocrx_word' id='word_1_140' title='bbox 1445 2062 1651 2127; x_wconf 89' lang='lat' dir='ltr'>multo</span> <span class='ocrx_word' id='word_1_141' title='bbox 1692 2060 1886 2126; x_wconf 89' lang='lat' dir='ltr'>etiam</span> <span class='ocrx_word' id='word_1_142' title='bbox 1932 2062 2146 2148; x_wconf 85' lang='lat' dir='ltr'>magis</span> 
     </span>
     <span class='ocr_line' id='line_1_22' title="bbox 234 2149 2148 2236; baseline 0 -20"><span class='ocrx_word' id='word_1_143' title='bbox 234 2153 537 2216; x_wconf 87' lang='lat' dir='ltr'>monente</span> <span class='ocrx_word' id='word_1_144' title='bbox 583 2153 670 2214; x_wconf 72' lang='lat' dir='ltr'>et-</span> <span class='ocrx_word' id='word_1_145' title='bbox 691 2150 1110 2215; x_wconf 86' lang='lat' dir='ltr'>denuntiante</span> <span class='ocrx_word' id='word_1_146' title='bbox 1154 2153 1248 2233; x_wconf 71' lang='lat' dir='ltr'>te,</span> <span class='ocrx_word' id='word_1_147' title='bbox 1294 2149 1416 2214; x_wconf 88' lang='lat' dir='ltr'>etsi</span> <span class='ocrx_word' id='word_1_148' title='bbox 1454 2151 1625 2214; x_wconf 89' lang='lat' dir='ltr'>enim</span> <span class='ocrx_word' id='word_1_149' title='bbox 1667 2150 1802 2215; x_wconf 87' lang='lat' dir='ltr'>afui</span> <span class='ocrx_word' id='word_1_150' title='bbox 1836 2171 2148 2236; x_wconf 87' lang='lat' dir='ltr'>magnam</span> 
     </span>
     <span class='ocr_line' id='line_1_23' title="bbox 234 2238 2145 2325; baseline 0.001 -20"><span class='ocrx_word' id='word_1_151' title='bbox 234 2243 484 2325; x_wconf 88' lang='lat' dir='ltr'>partem</span> <span class='ocrx_word' id='word_1_152' title='bbox 531 2240 902 2304; x_wconf 89' lang='lat' dir='ltr'>consulatus</span> <span class='ocrx_word' id='word_1_153' title='bbox 947 2239 1072 2323; x_wconf 87' lang='lat' dir='ltr'>tui,</span> <span class='ocrx_word' id='word_1_154' title='bbox 1123 2242 1344 2303; x_wconf 89' lang='lat' dir='ltr'>tamen</span> <span class='ocrx_word' id='word_1_155' title='bbox 1399 2241 1466 2302; x_wconf 91' lang='lat' dir='ltr'>et</span> <span class='ocrx_word' id='word_1_156' title='bbox 1511 2238 1742 2304; x_wconf 91' lang='lat' dir='ltr'>absens</span> <span class='ocrx_word' id='word_1_157' title='bbox 1799 2260 2145 2324; x_wconf 85' lang='lat' dir='ltr'>cognosce·</span> 
     </span>
     <span class='ocr_line' id='line_1_24' title="bbox 233 2327 2145 2413; baseline -0.001 -19"><span class='ocrx_word' id='word_1_158' title='bbox 233 2329 403 2413; x_wconf 90' lang='lat' dir='ltr'>bam,</span> <span class='ocrx_word' id='word_1_159' title='bbox 449 2349 610 2413; x_wconf 91' lang='lat' dir='ltr'>quae</span> <span class='ocrx_word' id='word_1_160' title='bbox 658 2332 828 2393; x_wconf 90' lang='lat' dir='ltr'>esset</span> <span class='ocrx_word' id='word_1_161' title='bbox 870 2331 985 2392; x_wconf 92' lang='lat' dir='ltr'>tua</span> <span class='ocrx_word' id='word_1_162' title='bbox 1027 2328 1099 2392; x_wconf 89' lang='lat' dir='ltr'>in</span> <span class='ocrx_word' id='word_1_163' title='bbox 1142 2327 1269 2392; x_wconf 91' lang='lat' dir='ltr'>hoc</span> <span class='ocrx_word' id='word_1_164' title='bbox 1304 2327 1612 2412; x_wconf 88' lang='lat' dir='ltr'>pestifero</span> <span class='ocrx_word' id='word_1_165' title='bbox 1640 2327 1809 2392; x_wconf 92' lang='lat' dir='ltr'>bello</span> <span class='ocrx_word' id='word_1_166' title='bbox 1858 2329 2145 2394; x_wconf 85' lang='lat' dir='ltr'>cavendo</span> 
     </span>
     <span class='ocr_line' id='line_1_25' title="bbox 238 2415 2147 2502; baseline -0.001 -20"><span class='ocrx_word' id='word_1_167' title='bbox 238 2421 304 2482; x_wconf 88' lang='lat' dir='ltr'>et</span> <span class='ocrx_word' id='word_1_168' title='bbox 346 2417 771 2502; x_wconf 90' lang='lat' dir='ltr'>praedicendo</span> <span class='ocrx_word' id='word_1_169' title='bbox 819 2416 1166 2499; x_wconf 89' lang='lat' dir='ltr'>sententia,</span> <span class='ocrx_word' id='word_1_170' title='bbox 1222 2418 1287 2480; x_wconf 88' lang='lat' dir='ltr'>et</span> <span class='ocrx_word' id='word_1_171' title='bbox 1329 2415 1468 2500; x_wconf 88' lang='lat' dir='ltr'>ipse</span> <span class='ocrx_word' id='word_1_172' title='bbox 1514 2416 1667 2481; x_wconf 87' lang='lat' dir='ltr'>affui</span> <span class='ocrx_word' id='word_1_173' title='bbox 1710 2415 1935 2501; x_wconf 88' lang='lat' dir='ltr'>primis</span> <span class='ocrx_word' id='word_1_174' title='bbox 1982 2420 2147 2481; x_wconf 90' lang='lat' dir='ltr'>tem·</span> 
     </span>
     <span class='ocr_line' id='line_1_26' title="bbox 235 2504 2149 2592; baseline 0.001 -22"><span class='ocrx_word' id='word_1_175' title='bbox 235 2505 500 2592; x_wconf 86' lang='lat' dir='ltr'>poribus</span> <span class='ocrx_word' id='word_1_176' title='bbox 537 2504 634 2569; x_wconf 89' lang='lat' dir='ltr'>tui</span> <span class='ocrx_word' id='word_1_177' title='bbox 675 2505 1065 2588; x_wconf 76' lang='lat' dir='ltr'>consulatUS,</span> <span class='ocrx_word' id='word_1_178' title='bbox 1100 2526 1298 2589; x_wconf 88' lang='lat' dir='ltr'>quum</span> <span class='ocrx_word' id='word_1_179' title='bbox 1335 2504 1809 2570; x_wconf 88' lang='lat' dir='ltr'>accuratissime</span> <span class='ocrx_word' id='word_1_180' title='bbox 1834 2504 2149 2573; x_wconf 89' lang='lat' dir='ltr'>monuisti</span> 
     </span>
     <span class='ocr_line' id='line_1_27' title="bbox 239 2592 2150 2677; baseline 0.001 -18"><span class='ocrx_word' id='word_1_181' title='bbox 239 2597 534 2660; x_wconf 89' lang='lat' dir='ltr'>senatum</span> <span class='ocrx_word' id='word_1_182' title='bbox 579 2592 862 2658; x_wconf 91' lang='lat' dir='ltr'>collectis</span> <span class='ocrx_word' id='word_1_183' title='bbox 899 2592 1197 2658; x_wconf 90' lang='lat' dir='ltr'>omnibus</span> <span class='ocrx_word' id='word_1_184' title='bbox 1235 2592 1422 2657; x_wconf 90' lang='lat' dir='ltr'>bellis</span> <span class='ocrx_word' id='word_1_185' title='bbox 1461 2593 1772 2677; x_wconf 83' lang='lat' dir='ltr'>civilibus,</span> <span class='ocrx_word' id='word_1_186' title='bbox 1817 2597 1891 2658; x_wconf 89' lang='lat' dir='ltr'>ut</span> <span class='ocrx_word' id='word_1_187' title='bbox 1929 2597 1995 2669; x_wconf 80' lang='lat' dir='ltr'>et</span> <span class='ocrx_word' id='word_1_188' title='bbox 2031 2593 2150 2663; x_wconf 89' lang='lat' dir='ltr'>illa</span> 
     </span>
     <span class='ocr_line' id='line_1_28' title="bbox 237 2681 2148 2767; baseline 0 -19"><span class='ocrx_word' id='word_1_189' title='bbox 237 2684 557 2767; x_wconf 87' lang='lat' dir='ltr'>timerent,</span> <span class='ocrx_word' id='word_1_190' title='bbox 602 2703 765 2766; x_wconf 89' lang='lat' dir='ltr'>quae</span> <span class='ocrx_word' id='word_1_191' title='bbox 799 2681 1261 2767; x_wconf 85' lang='lat' dir='ltr'>meminissent,</span> <span class='ocrx_word' id='word_1_192' title='bbox 1306 2684 1373 2746; x_wconf 90' lang='lat' dir='ltr'>et</span> <span class='ocrx_word' id='word_1_193' title='bbox 1412 2681 1667 2767; x_wconf 89' lang='lat' dir='ltr'>scirent,</span> <span class='ocrx_word' id='word_1_194' title='bbox 1714 2704 1912 2765; x_wconf 90' lang='lat' dir='ltr'>quum</span> <span class='ocrx_word' id='word_1_195' title='bbox 1960 2703 2148 2767; x_wconf 91' lang='lat' dir='ltr'>supe·</span> 
     </span>
     <span class='ocr_line' id='line_1_29' title="bbox 237 2770 2149 2857; baseline 0 -20"><span class='ocrx_word' id='word_1_196' title='bbox 237 2773 438 2839; x_wconf 89' lang='lat' dir='ltr'>riores</span> <span class='ocrx_word' id='word_1_197' title='bbox 466 2770 645 2836; x_wconf 90' lang='lat' dir='ltr'>nullo</span> <span class='ocrx_word' id='word_1_198' title='bbox 683 2770 800 2835; x_wconf 88' lang='lat' dir='ltr'>tali</span> <span class='ocrx_word' id='word_1_199' title='bbox 839 2770 1127 2855; x_wconf 91' lang='lat' dir='ltr'>exemplo</span> <span class='ocrx_word' id='word_1_200' title='bbox 1166 2773 1361 2835; x_wconf 89' lang='lat' dir='ltr'>antea</span> <span class='ocrx_word' id='word_1_201' title='bbox 1395 2770 1466 2835; x_wconf 91' lang='lat' dir='ltr'>in</span> <span class='ocrx_word' id='word_1_202' title='bbox 1500 2792 1569 2835; x_wconf 90' lang='lat' dir='ltr'>re</span> <span class='ocrx_word' id='word_1_203' title='bbox 1597 2770 1854 2854; x_wconf 91' lang='lat' dir='ltr'>publica</span> <span class='ocrx_word' id='word_1_204' title='bbox 1882 2772 2149 2857; x_wconf 84' lang='lat' dir='ltr'>cognito</span> 
     </span>
     <span class='ocr_line' id='line_1_30' title="bbox 237 2858 2150 2944; baseline -0.001 -18"><span class='ocrx_word' id='word_1_205' title='bbox 237 2865 373 2926; x_wconf 90' lang='lat' dir='ltr'>tam</span> <span class='ocrx_word' id='word_1_206' title='bbox 411 2860 697 2926; x_wconf 87' lang='lat' dir='ltr'>crudeles</span> <span class='ocrx_word' id='word_1_207' title='bbox 734 2858 1029 2944; x_wconf 88' lang='lat' dir='ltr'>fuissent,</span> <span class='ocrx_word' id='word_1_208' title='bbox 1074 2858 1455 2944; x_wconf 90' lang='lat' dir='ltr'>quicumque</span> <span class='ocrx_word' id='word_1_209' title='bbox 1492 2862 1720 2944; x_wconf 89' lang='lat' dir='ltr'>postea</span> <span class='ocrx_word' id='word_1_210' title='bbox 1759 2881 1894 2924; x_wconf 90' lang='lat' dir='ltr'>rem</span> <span class='ocrx_word' id='word_1_211' title='bbox 1938 2860 2150 2944; x_wconf 90' lang='lat' dir='ltr'>publi·</span> 
     </span>
     <span class='ocr_line' id='line_1_31' title="bbox 241 2947 2150 3035; baseline 0.001 -22"><span class='ocrx_word' id='word_1_212' title='bbox 241 2971 381 3014; x_wconf 90' lang='lat' dir='ltr'>cam</span> <span class='ocrx_word' id='word_1_213' title='bbox 428 2948 852 3035; x_wconf 89' lang='lat' dir='ltr'>oppressisset</span> <span class='ocrx_word' id='word_1_214' title='bbox 897 2947 1118 3033; x_wconf 90' lang='lat' dir='ltr'>armis,</span> <span class='ocrx_word' id='word_1_215' title='bbox 1174 2949 1377 3013; x_wconf 91' lang='lat' dir='ltr'>multo</span> <span class='ocrx_word' id='word_1_216' title='bbox 1431 2947 2003 3014; x_wconf 90' lang='lat' dir='ltr'>intolerabiliorem</span> <span class='ocrx_word' id='word_1_217' title='bbox 2048 2947 2150 3014; x_wconf 86' lang='lat' dir='ltr'>fu-</span> 
     </span>
     <span class='ocr_line' id='line_1_32' title="bbox 239 3036 2150 3122; baseline 0.001 -21"><span class='ocrx_word' id='word_1_218' title='bbox 239 3041 482 3121; x_wconf 81' lang='lat' dir='ltr'>turum3</span> <span class='ocrx_word' id='word_1_219' title='bbox 535 3059 714 3122; x_wconf 91' lang='lat' dir='ltr'>nam,</span> <span class='ocrx_word' id='word_1_220' title='bbox 761 3036 929 3121; x_wconf 92' lang='lat' dir='ltr'>quod</span> <span class='ocrx_word' id='word_1_221' title='bbox 977 3036 1265 3121; x_wconf 90' lang='lat' dir='ltr'>exemplo</span> <span class='ocrx_word' id='word_1_222' title='bbox 1311 3036 1414 3120; x_wconf 91' lang='lat' dir='ltr'>fit,</span> <span class='ocrx_word' id='word_1_223' title='bbox 1466 3036 1533 3101; x_wconf 94' lang='lat' dir='ltr'>id</span> <span class='ocrx_word' id='word_1_224' title='bbox 1588 3037 1781 3101; x_wconf 89' lang='lat' dir='ltr'>etiam</span> <span class='ocrx_word' id='word_1_225' title='bbox 1824 3036 1962 3102; x_wconf 89' lang='lat' dir='ltr'>iure</span> <span class='ocrx_word' id='word_1_226' title='bbox 2007 3036 2150 3102; x_wconf 85' lang='lat' dir='ltr'>fieri</span> 
     </span>
     <span class='ocr_line' id='line_1_33' title="bbox 240 3124 2152 3209; baseline 0.001 -21"><span class='ocrx_word' id='word_1_227' title='bbox 240 3128 500 3208; x_wconf 89' lang='lat' dir='ltr'>putant,</span> <span class='ocrx_word' id='word_1_228' title='bbox 564 3125 674 3189; x_wconf 90' lang='lat' dir='ltr'>sed</span> <span class='ocrx_word' id='word_1_229' title='bbox 739 3125 977 3209; x_wconf 89' lang='lat' dir='ltr'>aliquid</span> <span class='ocrx_word' id='word_1_230' title='bbox 1041 3129 1233 3209; x_wconf 91' lang='lat' dir='ltr'>atque</span> <span class='ocrx_word' id='word_1_231' title='bbox 1298 3124 1455 3190; x_wconf 90' lang='lat' dir='ltr'>adeo</span> <span class='ocrx_word' id='word_1_232' title='bbox 1512 3126 1718 3190; x_wconf 90' lang='lat' dir='ltr'>multa</span> <span class='ocrx_word' id='word_1_233' title='bbox 1779 3125 2027 3191; x_wconf 90' lang='lat' dir='ltr'>addunt</span> <span class='ocrx_word' id='word_1_234' title='bbox 2084 3129 2152 3190; x_wconf 92' lang='lat' dir='ltr'>et</span> 
     </span>
    </p>

    <p class='ocr_par' dir='ltr' id='par_1_7' title="bbox 171 3211 2151 3474">
     <span class='ocr_line' id='line_1_34' title="bbox 171 3211 2151 3298; baseline -0.001 -19"><span class='ocrx_word' id='word_1_235' title='bbox 171 3229 202 3279; x_wconf 78' lang='lat'><strong>2</strong></span> <span class='ocrx_word' id='word_1_236' title='bbox 241 3211 520 3275; x_wconf 87' lang='lat' dir='ltr'>afferunt</span> <span class='ocrx_word' id='word_1_237' title='bbox 563 3211 640 3276; x_wconf 88' lang='lat' dir='ltr'>de</span> <span class='ocrx_word' id='word_1_238' title='bbox 687 3234 821 3277; x_wconf 92' lang='lat' dir='ltr'>suo.</span> <span class='ocrx_word' id='word_1_239' title='bbox 911 3212 1118 3288; x_wconf 87' lang='lat' dir='ltr'>Quare</span> <span class='ocrx_word' id='word_1_240' title='bbox 1175 3213 1541 3279; x_wconf 89' lang='lat' dir='ltr'>meminisse</span> <span class='ocrx_word' id='word_1_241' title='bbox 1598 3213 1789 3279; x_wconf 91' lang='lat' dir='ltr'>debes</span> <span class='ocrx_word' id='word_1_242' title='bbox 1845 3236 1980 3298; x_wconf 86' lang='lat' dir='ltr'>eos,</span> <span class='ocrx_word' id='word_1_243' title='bbox 2036 3215 2151 3298; x_wconf 90' lang='lat' dir='ltr'>qui</span> 
     </span>
     <span class='ocr_line' id='line_1_35' title="bbox 243 3298 2150 3385; baseline 0.001 -21"><span class='ocrx_word' id='word_1_244' title='bbox 243 3298 690 3364; x_wconf 86' lang='lat' dir='ltr'>auctoritatem</span> <span class='ocrx_word' id='word_1_245' title='bbox 727 3304 792 3363; x_wconf 88' lang='lat' dir='ltr'>et</span> <span class='ocrx_word' id='word_1_246' title='bbox 827 3301 1164 3365; x_wconf 89' lang='lat' dir='ltr'>consilium</span> <span class='ocrx_word' id='word_1_247' title='bbox 1199 3304 1384 3365; x_wconf 90' lang='lat' dir='ltr'>tuum</span> <span class='ocrx_word' id='word_1_248' title='bbox 1422 3323 1561 3366; x_wconf 93' lang='lat' dir='ltr'>non</span> <span class='ocrx_word' id='word_1_249' title='bbox 1598 3302 1732 3366; x_wconf 89' lang='lat' dir='ltr'>sint</span> <span class='ocrx_word' id='word_1_250' title='bbox 1767 3302 1984 3385; x_wconf 87' lang='lat' dir='ltr'>secuti,</span> <span class='ocrx_word' id='word_1_251' title='bbox 2029 3321 2150 3366; x_wconf 84' lang='lat' dir='ltr'>sua</span> 
     </span>
     <span class='ocr_line' id='line_1_36' title="bbox 244 3385 2148 3474; baseline 0.002 -22"><span class='ocrx_word' id='word_1_252' title='bbox 244 3385 520 3452; x_wconf 88' lang='lat' dir='ltr'>stultitia</span> <span class='ocrx_word' id='word_1_253' title='bbox 573 3385 901 3472; x_wconf 90' lang='lat' dir='ltr'>occidisse,</span> <span class='ocrx_word' id='word_1_254' title='bbox 956 3409 1153 3471; x_wconf 89' lang='lat' dir='ltr'>quum</span> <span class='ocrx_word' id='word_1_255' title='bbox 1216 3392 1333 3453; x_wconf 85' lang='lat' dir='ltr'>tua</span> <span class='ocrx_word' id='word_1_256' title='bbox 1393 3389 1737 3474; x_wconf 87' lang='lat' dir='ltr'>prudentia</span> <span class='ocrx_word' id='word_1_257' title='bbox 1793 3389 1950 3456; x_wconf 86' lang='lat' dir='ltr'>salvi</span> <span class='ocrx_word' id='word_1_258' title='bbox 2006 3409 2148 3455; x_wconf 85' lang='lat' dir='ltr'>esse</span> 
     </span>
    </p>
   </div>
  </div>
 </body>
</html>
