2338 3691
723 205 1241 263 EPISTOLARUM
1278 208 1397 263 VII.
1439 215 1662 264 18-20.
1984 167 1987 169 Δ
2019 208 2151 271 213

225 350 405 415 senti
449 349 570 414 tibi
628 372 827 436 prope
884 353 1341 440 subnegaram,
1385 376 1521 419 non
1564 352 1917 418 tribueram
1962 356 2152 438 certe,

224 438 296 502 id
357 439 608 504 absenti
664 439 893 505 debere
956 463 1092 508 nou
1152 443 1365 527 potui3
1426 444 1672 527 itaque,
1742 445 1819 507 ut
1871 442 2151 526 primum

225 525 426 593 Velia
485 528 794 615 navigare
858 531 1067 616 coepi,
1135 531 1392 596 institui
1456 531 1700 615 Topica
1762 530 2152 596 Aristotelea

229 616 638 683 conscribere
693 618 774 682 ab
820 618 965 704 ipsa
1020 620 1180 685 urbe
1225 621 1654 686 commonitus
1709 620 2152 684 amantissima

227 707 360 770 tui:
425 727 571 771 eum
631 706 869 772 librum
912 708 1035 772 tibi
1087 710 1235 787 misi
1296 709 1503 794 Regio
1567 709 1901 793 scriptum,
1956 729 2152 792 quam

228 795 615 879 planissime
668 817 774 861 res
816 796 929 860 illa
984 797 1177 861 scribi
1221 799 1463 883 potuit3
1515 798 1619 875 sin
1670 798 1792 862 tibi
1837 797 2151 882 quaedam

229 883 627 950 videbuntur
673 884 1069 969 obscuriora,
1122 887 1408 971 cogitare
1455 886 1715 951 debebis
1759 885 2007 951 nullam
2053 906 2149 949 ar—

229 977 375 1036 tem
414 972 647 1038 litteris
693 974 833 1038 sine
879 974 1229 1059 interprete
1285 979 1352 1039 et
1396 975 1533 1040 sine
1589 976 1806 1060 aliqua
1850 974 2150 1039 exercita-

229 1061 416 1126 tione
470 1062 714 1146 percipi
767 1083 977 1147 posse.
1064 1061 1129 1128 N
1132 1084 1219 1128 on
1272 1065 1468 1149 longe
1523 1064 1784 1128 abieris:
1847 1084 2008 1129 num
2052 1063 2152 1126 ius

232 1149 425 1214 civile
469 1153 755 1215 vestrum
800 1173 878 1215 ex
919 1152 1103 1217 libris
1139 1153 1445 1238 cognosci
1479 1152 1739 1237 potest?
1786 1153 1896 1237 qui
1933 1172 2151 1236 quam—

231 1260 435 1323 quam
479 1240 740 1324 plurimi
785 1243 956 1324 sunt,
1000 1240 1329 1307 doctorem
1372 1245 1595 1306 tamen
1633 1261 1945 1325 usumque
1992 1239 2152 1304 desi-

232 1327 495 1391 derant:
543 1350 933 1413 quamquam
977 1333 1079 1415 tu,
1122 1330 1179 1394 si
1225 1333 1469 1395 attente
1513 1331 1690 1416 leges
1699 1381 1718 1413 ‚
1772 1329 1829 1394 si
1882 1328 2154 1412 saepius,

230 1437 359 1500 per
393 1419 457 1480 te
495 1418 713 1482 omnia
749 1439 1137 1502 consequere
1171 1423 1248 1483 ut
1283 1422 1452 1484 certe
1489 1419 1844 1503 intelligas3
1886 1421 1963 1481 ut
2002 1437 2153 1480 vero

233 1505 440 1568 etiam
481 1505 608 1589 ipsi
652 1506 772 1570 tibi
817 1507 944 1573 loci
986 1508 1324 1592 proposita
1376 1508 1750 1592 quaestione
1798 1508 2157 1590 occurrant,

234 1593 697 1659 exercitatione
735 1616 1143 1682 consequere,
1184 1597 1256 1660 in
1292 1619 1419 1681 qua
1456 1596 1712 1681 quidem
1747 1617 1869 1661 nos
1903 1599 1969 1659 te
2007 1615 2154 1658 con-

232 1681 611 1768 tinebimus,
657 1682 713 1747 si
758 1687 825 1747 et
869 1684 1030 1748 salvi
1064 1684 1441 1750 redierimus
1478 1689 1545 1750 et
1581 1687 1761 1751 salva
1793 1684 1924 1750 ista
1959 1682 2155 1749 offen-

234 1769 542 1836 derimus.
631 1793 691 1858 y.
734 1771 881 1838 Kal.
926 1771 1144 1838 Sextil.
1189 1773 1415 1860 Regio.

1129 1967 1273 2033 XX.

503 2075 617 2135 Ser.
656 2077 853 2134 Veliae
889 2078 1038 2135 XIII.
1075 2078 1200 2135 Kal.
1241 2078 1478 2135 Sextiles
1515 2096 1566 2134 a.
1602 2095 1658 2134 u.
1695 2096 1742 2137 c.
1781 2085 1900 2135 710.

774 2202 1030 2259 CICERO
1069 2203 1437 2260 TREBATIO
1477 2203 1628 2258 SAL.

277 2349 289 2361 .
383 2300 745 2369 Amabilior
787 2303 950 2368 mihi
988 2303 1179 2369 Velia
1221 2303 1366 2389 fuit,
1409 2304 1581 2387 quod
1625 2306 1691 2368 te
1737 2303 1821 2369 ab
1867 2323 1944 2368 ea
1989 2302 2160 2368 sensi
2198 2315 2228 2366 1

237 2391 481 2474 amari3
524 2392 635 2457 sed
674 2392 828 2476 quid
865 2413 987 2477 ego
1016 2392 1226 2457 dicam
1251 2396 1337 2476 te,
1372 2413 1563 2475 quem
1599 2393 1742 2476 quis
1769 2413 1905 2457 non
1942 2391 2160 2457 amat?

236 2478 468 2563 Rufio,
520 2480 771 2545 medius
812 2480 1032 2566 fidius,
1083 2484 1236 2545 tuus
1289 2481 1385 2545 ita
1429 2481 1934 2565 desiderabatur,
1986 2484 2062 2545 ut
2106 2479 2162 2544 si

237 2571 420 2633 esset
471 2590 637 2635 unus
693 2590 728 2633 e
796 2569 1012 2653 nobis3
1075 2570 1187 2635 sed
1240 2572 1307 2633 te
1371 2591 1492 2655 ego
1545 2587 1682 2636 non
1743 2568 2163 2654 reprehendo,

238 2656 362 2741 qui
403 2656 587 2721 illum
623 2658 706 2722 ad
743 2658 1254 2723 aedificationem
1289 2661 1471 2723 tuam
1509 2659 1896 2742 traduxeris3
1941 2679 2161 2742 quam·

239 2766 445 2829 quam
499 2746 671 2810 enim
724 2745 916 2812 Velia
967 2768 1104 2813 non
1166 2750 1267 2811 est
1329 2748 1516 2812 vilior
1579 2769 1773 2832 quam
1828 2746 2162 2831 Lupercal,

237 2838 469 2897 tamen
518 2835 687 2900 istuc
741 2836 916 2900 malo
978 2857 1173 2920 quam
1233 2834 1395 2900 haec
1439 2837 1674 2903 omnia.
1765 2834 1891 2919 Tu,
1950 2836 2005 2899 si
2058 2855 2161 2897 me

241 2921 489 3007 audies,
533 2943 727 3007 quem
772 2925 957 3008 soles,
998 2923 1120 2989 has
1156 2927 1462 3008 paternas
1502 2924 1941 3009 possessiones
1984 2927 2162 2988 tene·

238 3011 348 3075 bis
395 3046 480 3057 -
524 3011 743 3077 nescio
800 3012 953 3097 quid
1008 3014 1182 3077 enim
1235 3012 1570 3078 Velienses
1624 3012 2014 3077 verebantur
2059 3047 2163 3096 --,

240 3119 458 3182 neque
500 3099 818 3184 Heletem,
860 3101 1148 3165 nobilem
1194 3123 1469 3186 amnem,
1510 3100 1834 3185 relinques
1879 3122 1998 3164 nec
2018 3097 2163 3162 *Pa-

239 3188 566 3273 pirianam
629 3188 891 3254 domum
946 3189 1223 3274 deseres:
1288 3211 1678 3275 quamquam
1737 3189 1852 3252 illa
1906 3188 2163 3272 quidem

391 3412 494 3484 Ep.
534 3421 617 3472 19.
700 3431 1013 3487 consequere
1046 3420 1112 3471 ut
1148 3415 1324 3483 (W.).·
1381 3428 1453 3479 c.‚
1488 3417 1553 3468 ut
1586 3413 1774 3482 vulgo.
1855 3410 1958 3479 Ep.
1997 3415 2081 3474 20,
2114 3413 2160 3458 1.

240 3485 497 3613 gam
524 3485 596 3611 (ἔ
600 3556 645 3611 Β
647 3502 719 3613 ex
753 3487 897 3558 Epp.
937 3487 1010 3543 ad
1046 3486 1299 3541 Atticum
1335 3482 1482 3549 XVI,
1507 3489 1554 3551 7,
1585 3489 1616 3535 5
1655 3486 1713 3536 et
1749 3498 1816 3535 ex
1850 3476 2161 3540 Strabone).
