2338 3691
690 137 1216 194 EPISTOLARUM
1251 138 1343 193 VI.
1384 145 1466 193 12.
1915 137 2037 202 181

167 282 250 344 est
288 280 520 366 datum,
564 282 736 367 quod
781 283 1050 348 mirifica
1096 286 1197 349 est
1239 284 1620 369 improbitas
1664 283 1736 348 in
1781 283 2039 368 quibus.-

165 367 304 455 dam,
346 370 451 454 qui
492 372 798 436 tulissent
842 372 1131 437 acerbius
1178 373 1434 438 veniam
1476 373 1598 437 tibi
1643 372 1801 457 dari,
1846 394 2041 457 quam

162 457 240 521 illi
270 460 587 543 appellant
620 460 848 525 tubam
883 461 1038 526 belli
1073 461 1277 526 civilis
1305 463 1633 546 multaque
1669 461 1763 526 ita
1799 461 2041 545 dicunt,

162 548 319 629 quasi
358 569 491 613 non
537 549 865 636 gaudeant
906 550 974 615 id
1018 550 1260 615 bellum
1301 550 1620 615 incidisse.
1694 549 1904 626 Quare
1948 550 2039 614 vi·

162 656 278 699 sum
321 640 415 701 est
459 638 772 703 occultius
819 638 1141 724 agendum
1179 657 1387 724 neque
1427 640 1562 704 ullo
1598 638 1791 705 modo
1838 638 2039 704 divul-

161 724 413 807 gandum
457 726 536 791 de
579 730 646 791 te
691 727 823 792 iam
869 749 1007 792 esse
1045 728 1429 812 perfectum3
1474 727 1585 792 sed
1628 727 1696 792 id
1743 727 1866 792 erit
1899 749 2039 811 per-

158 810 326 898 brevi,
366 836 486 879 nec
532 815 776 901 dubito,
822 816 980 900 quin
1023 818 1281 901 legente
1324 820 1391 881 te
1435 816 1556 881 has
1591 816 1841 881 litteras
1888 837 2040 881 con-

157 899 301 965 fecta
342 903 470 967 iam
513 926 619 969 res
652 904 875 969 futura
911 905 1019 969 sit:
1064 905 1281 970 Pansa
1316 905 1573 989 quidem
1608 904 1786 990 mihi,
1823 905 2038 990 gravis

157 988 322 1056 homo
350 996 414 1057 et
452 996 682 1079 certus,
718 1015 854 1059 non
881 994 1092 1059 solum
1127 994 1550 1078 confirmavit,
1586 1015 1810 1059 verum
1845 993 2041 1059 etiam

156 1080 369 1163 recepit
427 1082 836 1167 perceleriter
898 1104 968 1147 se
1041 1081 1408 1148 ablaturum
1471 1082 1772 1168 diploma.
1837 1082 2040 1147 ¹Mihi

156 1169 347 1233 tamen
388 1170 635 1254 placuit
676 1171 838 1236 haec
883 1171 966 1236 ad
1008 1174 1074 1236 te
1118 1171 1455 1257 perscribi3
1499 1172 1713 1236 minus
1758 1172 1931 1236 enim
1974 1175 2040 1236 te

156 1254 382 1321 fimum
427 1281 639 1325 sermo
684 1259 1041 1345 Eppuleiae
1096 1263 1247 1325 tuae
1294 1260 1722 1345 lacrimaeque
1766 1259 2039 1345 Ampiae

159 1343 571 1433 declarabant,
627 1370 822 1433 quam
877 1349 1249 1435 significant
1299 1353 1450 1414 tuae
1503 1350 1783 1433 litterae,
1848 1352 2040 1433 atque

155 1431 279 1497 illae
329 1436 839 1522 arbitrabantur,
891 1438 1198 1521 quoniam
1262 1459 1303 1501 a
1353 1441 1420 1502 te
1483 1438 1785 1502 abessent
1845 1437 2041 1521 ipsae,

158 1523 333 1589 multo
384 1525 455 1590 in
513 1526 807 1611 graviore
859 1529 926 1590 te
972 1547 1126 1591 cura
1177 1526 1496 1610 futurum3
1549 1548 1746 1611 quare
1798 1547 2039 1612 magno

159 1630 320 1692 opere
349 1612 384 1652 *
403 1614 440 1653 *
466 1615 695 1699 putavi
733 1615 995 1701 angoris
1041 1618 1108 1680 et
1144 1614 1383 1680 doloris
1419 1615 1518 1680 tui
1554 1614 1811 1681 levandi
1849 1636 2041 1679 causa

158 1718 254 1779 pro
295 1703 480 1768 certis
549 1702 632 1767 ad
674 1706 738 1768 te
793 1724 895 1788 ea,
958 1725 1121 1788 quae
1183 1706 1401 1769 essent
1453 1707 1654 1789 certa,
1715 1704 2040 1789 perscribi.

161 1782 272 1853 Scis
314 1812 412 1857 me
459 1794 656 1856 antea
701 1791 793 1858 sic
838 1792 1100 1858 solitum
1145 1814 1285 1858 esse
1331 1793 1607 1859 scribere
1653 1792 1735 1857 ad
1777 1797 1863 1879 te,
1906 1815 2037 1859 ma·
2087 1808 2111 1859 ι

161 1875 240 1959 gis
286 1884 356 1944 ut
409 1882 782 1947 consolarer
833 1881 1072 1947 fortem
1134 1882 1346 1947 virum
1408 1885 1601 1967 atque
1667 1883 2040 1967 sapientem,

161 1985 324 2046 quam
367 1972 442 2034 ut
489 1971 888 2054 exploratam
933 1992 1114 2056 spem
1159 1971 1386 2036 salutis
1432 1971 1863 2057 ostenderem,
1915 1972 2042 2035 nisi

162 2072 301 2139 eam,
362 2080 560 2142 quam
615 2059 696 2123 ab
759 2059 904 2143 ipsa
965 2080 1033 2124 re
1095 2059 1382 2144 publica,
1442 2081 1641 2143 quum
1693 2060 1800 2125 hic
1853 2059 2045 2124 ardor

161 2145 479 2211 restinctus
529 2150 715 2232 esset,
761 2148 1006 2232 sperari
1051 2152 1346 2232 oportere
1392 2169 1737 2213 censerem.
1808 2148 2043 2213 Recor-

161 2228 288 2296 dare
328 2237 474 2300 tuas
521 2235 789 2320 litteraS,
834 2236 1066 2321 quibus
1105 2239 1171 2301 et
1203 2257 1515 2322 magnum
1553 2237 1840 2301 animum
1882 2237 2043 2301 mihi

162 2338 384 2405 semper
428 2324 771 2389 ostendisti
816 2328 884 2389 et
927 2324 1009 2389 ad
1057 2347 1280 2390 omnes
1326 2347 1511 2390 casus
1547 2325 1847 2391 ferendos
1894 2347 2043 2390 con-

161 2409 414 2485 stantem
460 2434 538 2477 ac
582 2416 908 2497 paratum3
955 2413 1125 2497 quod
1173 2434 1294 2499 ego
1329 2435 1466 2479 non
1499 2414 1800 2498 mirabar,
1846 2436 2043 2498 quum

161 2500 505 2565 recordarer
556 2504 623 2566 te
668 2505 736 2566 et
778 2523 819 2566 a
861 2502 1084 2586 primis
1137 2503 1536 2587 temporibus
1582 2503 1815 2567 aetatis
1859 2503 1930 2567 in
1972 2524 2043 2567 re

163 2584 392 2663 publica
435 2611 576 2655 esse
620 2593 946 2655 versatum
1000 2594 1066 2655 et
1108 2594 1258 2656 tuos
1312 2592 1730 2677 magistratus
1786 2592 1858 2655 in
1902 2592 2046 2675 ipsa

165 2670 509 2743 discrimina
549 2678 851 2743 incidisse
899 2679 1124 2743 salutis
1178 2679 1710 2765 fortunarumque
1765 2700 2050 2744 commu-⁴

165 2759 320 2828 nium
363 2769 429 2830 et
472 2766 546 2830 in
587 2766 713 2832 hoc
755 2767 970 2850 ipsum
1011 2766 1256 2846 bellum
1299 2789 1437 2833 esse
1481 2768 1866 2853 ingressum,
1910 2788 2048 2832 non

167 2849 347 2917 solum
388 2857 464 2920 ut
508 2855 714 2920 victor
765 2856 1021 2940 beatus,
1076 2856 1188 2920 sed
1242 2857 1438 2949 etiam
1484 2859 1584 2941 ut,
1639 2856 1697 2920 si
1737 2856 1832 2920 ita
1885 2855 2045 2919 acci·

169 2934 357 3028 disset,
397 2943 608 3008 victus
654 2944 910 3028 sapiens
955 2966 1146 3009 esses.
1217 2944 1485 3028 Deinde,
1531 2966 1728 3028 quum
1765 2943 2048 3008 studium
2084 2959 2116 3008 5

169 3024 326 3092 tuum
367 3051 707 3096 consumas
743 3032 815 3096 in
852 3032 1138 3098 virorum
1172 3032 1441 3099 fortium
1474 3032 1666 3096 factis
1702 3033 2047 3097 memoriae

169 3116 511 3205 prodendis,
572 3120 975 3186 considerare
1039 3121 1232 3187 debes
1283 3120 1450 3187 nihil
1510 3119 1633 3185 tibi
1686 3142 1823 3186 esse
1878 3142 2047 3187 com-

206 3408 216 3419 ·
291 3342 385 3414 Ep.
426 3353 506 3415 12,
536 3353 585 3402 3.
658 3364 823 3416 quam
857 3348 948 3402 illi
984 3365 1110 3418 app.
1151 3347 1285 3416 (M).
1359 3363 1512 3416 quem
1546 3347 1586 3402 i.
1615 3365 1666 3402 a.
1697 3346 1861 3414 Crat„
1888 3347 1949 3401 B.
1978 3376 2046 3388 —-

173 3411 326 3467 avitis
358 3419 627 3487 multaque
664 3419 811 3487 (W.).
887 3435 950 3485 c.,
986 3436 1054 3472 m.
1092 3419 1281 3487 vulgo,
1323 3448 1389 3457 ——
1425 3433 1623 3486 maqno
1658 3434 1813 3485 opere
1841 3420 2045 3482 *ΠΜ-

176 3481 273 3534 tavi
304 3485 427 3557 (M).
499 3505 567 3543 m.
605 3505 652 3544 ο.
691 3505 718 3545 e
752 3506 812 3545 re
836 3506 898 3558 10.
941 3488 1239 3558 (Guilelm.,
1268 3488 1353 3556 Β.)
1391 3489 1491 3540 aut
1526 3487 1709 3540 simile
1746 3483 1975 3551 aliquid.

2193 3576 2233 3600 A
