2338 3691
227 98 332 153 DE
361 100 760 157 PETITIONE
799 99 1102 156 CONSUL.
1132 88 1233 155 AD
1260 93 1339 153 Μ.
1368 98 1726 158 FRATREM
1766 109 1951 157 7—10.
2026 100 2155 166 647

227 244 305 309 in
350 245 681 330 equitibus
725 245 1038 311 Romanis
1093 245 1458 311 occidendis
1515 247 1644 311 fuit
1687 282 1770 293 --
1816 268 1966 311 nam
2008 246 2157 330 illis,

229 354 399 415 quos
463 334 906 416 meminimuS,
964 332 1195 418 Gallis,
1257 334 1369 417 qui
1428 338 1571 399 tum
1630 334 2018 399 Titiniorum
2081 355 2157 399 ac

228 418 651 487 Nanniorum
687 444 763 487 ac
799 422 1229 488 Tanusiorum
1265 422 1479 507 capita
1513 423 1940 506 demetebant,
1976 420 2156 487 Sulla

220 530 439 573 unum
487 507 838 575 Catilinam
882 511 1283 595 praefecerat
1305 553 1306 556 =
1326 547 1441 595 —,
1493 511 1566 575 in
1610 511 1842 594 quibus
1886 512 1995 575 ille
2039 511 2154 576 ho-

228 597 480 661 minem
529 599 865 683 optimum,
912 598 984 675 Q.
1030 598 1399 683 Caecilium,
1444 601 1683 665 sororis
1729 621 1881 664 suae
1926 600 2155 682 virum,

220 686 518 768 equitem
564 686 957 771 Romanum,
1012 688 1340 753 nullarum
1392 689 1699 772 partium,
1752 709 1951 771 quum
1994 709 2155 751 sem-

222 794 347 856 per
408 778 679 859 natura,
736 780 882 840 'tum
944 777 1140 841 etiam
1196 778 1407 842 aetate
1459 777 1592 841 iam
1650 776 1969 860 quietum,
2022 775 2154 840 suis

218 863 542 928 manibus
589 863 839 929 occidit.
1209 897 1212 900 *

234 950 239 954 ’
320 975 325 979 ’
362 949 545 1026 Quid
597 973 719 1038 ego
773 974 948 1017 nunc
1001 952 1212 1017 dicam
1268 956 1486 1037 petere
1532 973 1679 1017 eum
1731 953 2156 1036 consulatum,
2182 945 2236 1053 3>

220 1039 342 1121 qui
385 1039 728 1104 hominem
772 1040 1173 1106 carissimum
1216 1042 1458 1125 populo
1503 1040 1827 1125 Romano,
1883 1039 1971 1105 M.
2016 1039 2152 1105 Ma-

221 1128 399 1192 rium
443 1128 857 1212 inspectante
902 1130 1142 1214 populo
1181 1128 1479 1194 Romano
1515 1129 1755 1194 vitibus
1798 1150 1915 1214 per
1947 1131 2156 1194 totam

223 1214 459 1280 urbem
519 1217 847 1302 ceciderit,
901 1218 984 1282 ad
1037 1218 1301 1282 bustum
1347 1217 1577 1303 egerit,
1637 1217 1729 1281 ibi
1785 1217 1963 1282 omni
2015 1238 2154 1281 cru-

224 1303 408 1369 ciatu
442 1306 766 1390 lacerarit,
809 1307 852 1385 †
880 1306 1026 1379 vivo
1064 1307 1266 1370 stanti
1304 1307 1540 1371 collum
1582 1306 1798 1391 gladio
1845 1326 1963 1369 sua
2008 1304 2154 1369 dex-

222 1394 374 1456 tera
419 1395 717 1486 secuerit,
763 1407 961 1479 quum
1007 1394 1271 1459 sinistra
1314 1395 1621 1478 capillum
1659 1394 1796 1458 eius
1842 1415 1883 1458 a
1916 1394 2154 1457 vertice

228 1481 507 1567 teneret,
555 1487 750 1566 caput
794 1505 911 1547 sua
946 1504 1144 1548 manu
1182 1483 1421 1567 tulerit,
1466 1504 1665 1567 quum
1708 1483 1879 1546 inter
1915 1482 2153 1567 digitos

230 1568 372 1634 eius
409 1570 537 1635 rivi
576 1572 912 1656 sanguinis
948 1570 1266 1636 fluerent?
1314 1572 1425 1655 qui
1459 1575 1687 1655 postea
1723 1590 1869 1634 cum
1894 1570 2152 1634 histrio-

230 1657 428 1722 nibus
473 1662 546 1723 et
583 1679 729 1723 cum
766 1660 1233 1744 gladiatoribus
1269 1660 1363 1723 ita
1398 1659 1576 1742 vixit,
1619 1661 1696 1723 ut
1731 1659 1966 1723 alteros
2011 1658 2152 1722 libi-

232 1744 434 1832 dinis,
490 1747 731 1812 alteros
784 1747 1093 1813 facinoris
1112 1769 1115 1774 ·
1137 1748 1464 1813 adiutores
1506 1747 1802 1830 haberet,
1855 1747 1967 1831 qui
2011 1748 2153 1811 nul-

237 1832 374 1899 lum
443 1836 523 1903 in:
581 1836 794 1901 locum
863 1840 1002 1901 tam
1073 1838 1370 1902 sanctum
1434 1858 1511 1902 ac
1580 1839 1717 1901 tam
1777 1835 2150 1922 religiosum

234 1925 527 2009 accessit,
572 1925 645 1989 in
679 1946 807 2009 quo
843 1947 997 2009 non,
1042 1926 1298 1990 etiamsi
1321 1926 1365 2005 †
1392 1925 1535 1990 aliis
1572 1926 1762 2011 culpa
1797 1946 1932 1990 non
1968 1927 2153 2008 esset,

239 2013 458 2076 tamen
504 2034 583 2077 ex
627 2035 745 2078 sua
787 2014 1077 2097 nequitia
1122 2014 1450 2078 dedecoris
1488 2013 1916 2098 suspicionem
1960 2014 2151 2077 relin-

234 2102 493 2184 queret,
555 2102 666 2184 qui
719 2122 798 2166 ex
851 2103 1028 2166 curia
1082 2099 1311 2167 Ourios
1364 2107 1431 2165 et
1483 2101 1790 2184 Annios,
1831 2101 1913 2165 ab
1970 2101 2151 2165 atriis

236 2182 513 2270 Sapalas
560 2185 628 2253 et
670 2187 1015 2273 Carvilios,
1070 2211 1149 2254 ex
1195 2190 1476 2274 equestri
1530 2189 1752 2255 ordine
1795 2188 2151 2273 Pompilios

234 2276 306 2337 et
341 2275 599 2341 Vettios
645 2278 768 2342 sibi
813 2279 1235 2343 amicissimos
1281 2278 1694 2362 comparavit,
1738 2277 1850 2360 qui
1893 2279 2151 2342 tantum

238 2361 436 2429 habet
489 2365 821 2451 audaciae,
863 2370 1121 2431 tantum
1163 2367 1517 2450 nequitiae,
1573 2368 1831 2429 tantum
1875 2365 2150 2449 denique

239 2450 310 2515 in
351 2453 620 2518 libidine
667 2455 824 2519 artis
872 2459 938 2519 et
982 2455 1402 2539 efficacitatis,
1444 2458 1519 2518 ut
1562 2458 1763 2538 prope
1807 2454 1881 2517 in
1922 2475 2150 2538 paren-

176 2562 186 2570 ·
234 2541 378 2604 tum
406 2543 669 2627 gremiis
694 2546 1130 2626 praetextatos
1166 2543 1403 2607 liberos
1441 2540 1919 2626 constuprarit‘?
1985 2541 2150 2617 Quid

234 2647 590 2811 ἓέἕκέῃῖἓθ
646 2630 1189 2803 ἓῖὶέξωζῗῗέἲ
1197 2630 2150 2804 ’ωᾞᾱᾎέἔρῑξῗῗέἔωῗιὲῗὲ

234 2805 457 2872 tamen
481 2806 607 2872 hoc
635 2808 796 2873 mihi
831 2828 968 2873 non
993 2806 1637 2892 praetermittendum
1671 2807 1942 2891 videtur,
1978 2806 2150 2890 quod

379 3021 429 3082 2,
457 3023 506 3070 9.
579 3016 693 3082 fuit
729 3047 796 3056 —-
833 3034 965 3072 ‘nam
1002 3058 1015 3072 .
1037 3058 1088 3083 .,
1115 3018 1299 3086 praef.
1338 3039 1425 3083 -·-,
1459 3019 1525 3072 in
1560 3018 1708 3087 (W.).
1798 3018 1925 3084 fuit.
1996 3017 2150 3071 Nam

150 3151 165 3161 ·
236 3121 252 3134 .
276 3123 287 3135 .
309 3123 321 3136 .
350 3087 552 3153 praefi,
588 3088 654 3140 in
688 3087 874 3156 vulgo.
922 3118 990 3129 -
1046 3090 1377 3143 demetebant
1412 3088 1575 3157 (conj.
1616 3088 1767 3158 apud
1803 3087 2147 3156 Gesner-um).

235 3151 515 3211 demebant
549 3157 740 3227 vulg0.
813 3165 863 3226 3,
897 3165 978 3214 10.
1027 3160 1288 3215 lacerarit
1311 3163 1350 3227 †
1374 3161 1497 3214 vivo
1532 3161 1705 3214 stanti
1740 3159 1904 3228 (Erf.,
1935 3157 2034 3214 Ox.
2065 3158 2147 3226 T„

233 3222 336 3305 alii
372 3227 515 3295 cdd,
553 3228 679 3282 edd.
716 3230 871 3296 vett„
909 3229 1040 3298 W.).
1132 3231 1166 3284 l.
1204 3231 1269 3284 in
1303 3247 1416 3284 uno
1452 3231 1688 3284 instanti
1723 3230 1808 3284 cd.
1847 3230 2018 3284 Turn.
2093 3231 2147 3294 l„

236 3307 354 3348 vwo
389 3299 734 3368 spirantique
769 3298 901 3368 (W.)
941 3302 1041 3354 aut
1076 3301 1139 3366 L,
1176 3317 1225 3355 v.
1262 3301 1505 3368 spiranti
1540 3300 1812 3370 (Putean.)
1852 3303 1952 3354 aut
1996 3301 2031 3354 1.
2068 3302 2146 3354 vi-

233 3377 376 3490 {⁷2}ssss
399 3368 1033 3509 (granti)gSchwa1-z.).
1124 3372 1160 3425 1.
1167 3411 1191 3438 ,
1225 3372 1347 3426 vivo
1381 3372 1555 3425 stanti
1591 3371 1652 3424 Β.
1708 3399 1775 3409 --
1832 3372 2047 3425 etiamsi
2081 3387 2148 3424 ex

506 3456 651 3509 yser.
686 3481 699 3495 .
