2338 3691
251 128 376 191 132
809 126 884 179 Μ.
925 123 1173 179 TULLII
1208 120 1590 179 CICERONIS

248 294 444 358 quam
485 271 688 354 illum,
722 291 861 371 ‘quo
908 267 1293 332 defendente
1338 267 1593 332 vincere
1641 265 1878 332 didici?
1927 275 2014 331 an
2057 290 2160 333 ve-

245 383 417 443 rear,
459 381 570 442 ne,
629 358 740 442 qui
792 351 1390 441 potentissimorum
1442 355 1782 421 hominum
1835 356 2161 441 conspira-

247 450 493 514 tionem
544 446 902 531 neglexerit
951 467 1070 530 pro
1126 466 1271 510 mea
1326 445 1560 528 salute,
1622 444 1690 509 is
1738 466 1860 529 pro
1915 445 2161 510 honore

247 559 392 602 meo
447 536 831 621 pusillorum
884 555 959 598 ac
1021 532 1486 599 malevolorum
1541 533 2043 598 obtrectationes
2098 537 2165 599 et

248 625 525 690 invidias
575 645 711 689 non
764 625 1136 707 prosternat
1199 625 1428 706 atque-
1447 622 1743 687 obterat?
1817 644 2046 706 quare,
2105 623 2164 687 si

248 736 369 797 me,
414 713 581 778 sicut
625 713 808 795 soleS,
854 733 1051 795 amas,
1097 711 1349 795 suscipe
1394 732 1495 776 me
1539 713 1753 776 totum
1789 714 1983 794 atque
2020 711 2165 796 hoc,

249 801 558 886 quidquid
605 803 704 865 est
747 800 960 865 oneris
1006 820 1081 863 ac
1125 800 1438 883 muneriS,
1490 820 1609 883 pro
1654 820 1800 863 mea
1845 799 2164 885 dignitate

247 891 369 956 tibi
412 890 724 955 tuendum
761 910 836 953 ac
874 888 1323 954 sustinendum
1358 850 1532 972 puta.
1606 885 1745 952 Scis
1783 909 1997 952 meam
2033 888 2164 955 for-

247 984 476 1044 tunam
520 978 737 1043 nescio
792 998 919 1061 quo
975 976 1166 1042 modo
1222 976 1411 1042 facile
1467 977 1931 1042 obtrectatores
1983 978 2165 1043 inve-

248 1069 406 1151 nire,
439 1088 575 1132 non
602 1088 746 1131 meo
784 1065 1044 1150 quidem
1070 1065 1465 1130 mehercules
1493 1065 1744 1149 merito,
1784 1065 1895 1130 sed
1933 1067 2168 1150 quanti

247 1157 316 1222 id
359 1156 585 1240 refert,
628 1155 684 1219 si
727 1158 948 1220 tamen
992 1154 1130 1218 fato
1177 1154 1395 1220 nescio
1441 1176 1569 1239 quo
1615 1154 1891 1219 accidit?
1949 1155 2004 1218 si
2050 1156 2166 1239 qui

247 1245 416 1312 forte
458 1244 674 1328 fuerit,
719 1244 829 1328 qui
872 1245 1137 1308 nostrae
1182 1242 1485 1328 dignitati
1526 1243 1751 1308 obesse
1788 1243 1961 1327 velit,
2006 1248 2165 1328 peto

247 1356 287 1398 a
328 1336 414 1419 te,
457 1336 534 1399 ut
576 1337 757 1399 tuam
794 1331 1325 1397 consuetudinem
1361 1335 1428 1396 et
1461 1332 1913 1397 liberalitatem
1948 1332 2022 1396 in
2056 1355 2166 1398 me

249 1422 515 1488 absente
561 1421 962 1488 defendendo
1006 1420 1169 1504 mihi
1213 1425 1519 1505 praestes
1608 1420 1887 1486 Litteras
1933 1420 2016 1485 ad
2063 1443 2165 1488 se-

247 1515 476 1576 natum
521 1510 599 1574 de
643 1511 834 1575 rebus
878 1510 1119 1575 nostris
1157 1510 1394 1610 gestis,
1452 1530 1580 1593 quo
1635 1510 1926 1594 exemplo
1970 1511 2164 1575 mise-—

179 1612 209 1660 2
248 1621 406 1683 ram,
449 1598 623 1663 infra
666 1599 788 1662 tibi
831 1597 1194 1683 perscripsi.
1263 1597 1517 1664 Dicitur
1552 1598 1712 1663 mihi
1748 1602 1900 1663 tuus
1936 1620 2163 1665 servus

173 2673 200 2722 1

251 1689 645 1771 anagnostes
689 1686 1004 1771 fugitivus
1050 1708 1198 1752 cum
1224 1686 1539 1753 Vardaeis
1576 1708 1741 1771 esse3
1787 1688 1864 1752 de
1910 1709 2037 1771 quo
2083 1692 2163 1753 tu

245 1775 405 1839 mihi
448 1775 614 1839 nihil
657 1774 1007 1860 mandasti,
1061 1796 1184 1861 ego
1230 1779 1475 1861 tamen,
1526 1780 1705 1841 terra
1748 1776 2039 1861 marique
2082 1782 2164 1842 ut

246 1864 754 1965 conquireretur,
807 1865 1294 1949 praemandavi,
1352 1868 1419 1931 et
1460 1865 1752 1950 profecto
1808 1865 1930 1930 tibi
1971 1867 2164 1932 illum

243 1952 586 2037 reperiam,
637 1952 764 2016 nisi
818 1953 874 2017 si
926 1954 996 2019 in
1039 1953 1436 2018 Dalmatiam
1480 1954 1831 2040 aufugerit,
1886 1957 1953 2019 et
2004 1955 2161 2021 inde

242 2044 464 2105 tamen
500 2041 853 2125 aliquando
900 2063 1137 2106 eruam.
1230 2042 1330 2108 Τιι
1372 2064 1494 2107 nos
1537 2043 1644 2107 fac
1689 2065 1881 2108 ames.
1970 2042 2162 2109 Vale.

241 2128 323 2194 A.
367 2130 429 2195 d.
473 2129 554 2196 V.
641 2128 796 2196 Idus
842 2129 1214 2216 Quinctiles,
1260 2153 1340 2196 ex
1384 2131 1629 2216 castriS,
1672 2130 1955 2197 Narona.

1105 2325 1186 2391 X.
1232 2347 1287 2390 a.

594 2435 709 2492 Scr.
754 2438 816 2492 in
860 2435 1055 2507 Illyria
1108 2437 1337 2492 ineunte
1385 2454 1434 2491 a.
1480 2455 1533 2492 ιι.
1583 2455 1627 2492 c.
1678 2444 1797 2493 710.

595 2594 602 2604 ·
662 2559 1013 2615 VATINIUS
1043 2559 1384 2615 CICERONI
1414 2560 1549 2616 SUO
1580 2560 1730 2616 SAL.

374 2658 436 2725 8.
481 2658 563 2724 v.
607 2634 682 2724 Β.
727 2659 804 2724 Ε.
849 2659 925 2724 Ε.
973 2659 1046 2736 o.
1092 2658 1173 2724 v.
1262 2659 1360 2724 De
1405 2659 1720 2745 Dionysio
1778 2664 1892 2726 tuo
1939 2661 2159 2728 adhuc

238 2749 403 2814 nihil
448 2749 707 2832 extrico,
754 2752 819 2812 et
864 2770 938 2813 eo
985 2746 1227 2832 minu's,
1273 2749 1444 2832 quod
1489 2771 1591 2814 me
1635 2748 1842 2835 frigus
1886 2748 2156 2815 Dalma-
2269 2772 2289 2785 ·

237 2839 455 2921 ticum,
502 2837 674 2920 quod
717 2837 896 2900 illinc
933 2836 1135 2920 eiecit,
1182 2837 1377 2901 etiam
1409 2837 1516 2901 hic
1559 2837 1991 2924 refrigeravit3
2038 2840 2157 2904 sed

236 2888 458 2989 tamerl
499 2946 636 2989 non
681 2924 1012 3026 desistam,
1066 2926 1226 3009 quin
1277 2926 1461 2990 illum
1516 2926 1862 3010 aliquando
1910 2948 2153 2993 eruam.

239 3009 364 3077 Sed
424 3016 646 3079 tamen
709 3014 927 3079 omnia
980 3013 1140 3078 mihi
1196 3014 1356 3078 dura
1416 3014 1724 3099 imperas:
1789 3015 1868 3080 de
1914 3013 2152 3082 Catilio

236 3099 452 3163 nescio
500 3101 654 3183 quid
708 3103 791 3166 ad
843 3124 946 3167 me
993 3102 1307 3186 scripsisti
1352 3102 1822 3187 deprecationis
1877 3103 2152 3190 diligen-

236 3186 539 3250 tissimae.
628 3188 857 3275 Apage
918 3195 985 3256 te
1050 3213 1198 3256 cum
1258 3196 1482 3257 nostro
1547 3191 1689 3258 Sex.
1744 3191 2012 3259 Servilio
2061 3231 2152 3241 —

378 3391 482 3460 Ep.
521 3399 579 3457 9,
621 3400 666 3446 1.
765 3397 817 3448 si
859 3399 982 3465 quis
1025 3398 1167 3466 forte
1212 3400 1357 3468 (edd.
1403 3402 1599 3470 vett.)?
1699 3407 1750 3457 2.
1803 3401 2156 3458 Dalmatiam

239 3409 469 3531 (vulgo).
542 3433 718 3516 belm.
754 3463 886 3519 ΜΒ.
