<?xml version="1.0" encoding="UTF-8"?>
<!DOCTYPE html PUBLIC "-//W3C//DTD XHTML 1.0 Transitional//EN"
    "http://www.w3.org/TR/xhtml1/DTD/xhtml1-transitional.dtd">
<html xmlns="http://www.w3.org/1999/xhtml" xml:lang="en" lang="en">
 <head>
  <title>
</title>
<meta http-equiv="Content-Type" content="text/html;charset=utf-8" />
  <meta name='ocr-system' content='tesseract 3.04.00' />
  <meta name='ocr-capabilities' content='ocr_page ocr_carea ocr_par ocr_line ocrx_word'/>
</head>
<body>
  <div class='ocr_page' id='page_1' title='image "./scriptaquaemans02wesegoog_0204.png"; bbox 0 0 2338 3691; ppageno 0'>
   <div class='ocr_carea' id='block_1_1' title="bbox 237 109 1584 178">
    <p class='ocr_par' dir='ltr' id='par_1_1' title="bbox 237 109 1584 178">
     <span class='ocr_line' id='line_1_1' title="bbox 237 109 1584 178; baseline -0.01 0"><span class='ocrx_word' id='word_1_1' title='bbox 237 112 364 178; x_wconf 89' lang='grc'>190</span> <span class='ocrx_word' id='word_1_2' title='bbox 804 113 879 168; x_wconf 90' lang='grc' dir='ltr'>Μ.</span> <span class='ocrx_word' id='word_1_3' title='bbox 919 111 1166 168; x_wconf 85' lang='lat' dir='ltr'>TULLII</span> <span class='ocrx_word' id='word_1_4' title='bbox 1203 109 1584 167; x_wconf 85' lang='lat' dir='ltr'>CICERONIS</span> 
     </span>
    </p>
   </div>
   <div class='ocr_carea' id='block_1_2' title="bbox 230 253 2155 677">
    <p class='ocr_par' dir='ltr' id='par_1_2' title="bbox 230 253 2155 677">
     <span class='ocr_line' id='line_1_2' title="bbox 232 253 2149 342; baseline -0.003 -19"><span class='ocrx_word' id='word_1_5' title='bbox 232 279 398 342; x_wconf 88' lang='lat' dir='ltr'>esse,</span> <span class='ocrx_word' id='word_1_6' title='bbox 454 257 625 342; x_wconf 82' lang='lat' dir='ltr'>quod</span> <span class='ocrx_word' id='word_1_7' title='bbox 677 257 907 322; x_wconf 87' lang='lat' dir='ltr'>timeas</span> <span class='ocrx_word' id='word_1_8' title='bbox 916 308 934 341; x_wconf 95' lang='lat'>,</span> <span class='ocrx_word' id='word_1_9' title='bbox 994 259 1252 342; x_wconf 90' lang='lat' dir='ltr'>praeter</span> <span class='ocrx_word' id='word_1_10' title='bbox 1304 255 1640 321; x_wconf 82' lang='lat' dir='ltr'>universae</span> <span class='ocrx_word' id='word_1_11' title='bbox 1703 255 1797 319; x_wconf 91' lang='lat' dir='ltr'>rei</span> <span class='ocrx_word' id='word_1_12' title='bbox 1848 253 2149 339; x_wconf 83' lang='lat' dir='ltr'>publicae</span> 
     </span>
     <span class='ocr_line' id='line_1_3' title="bbox 231 341 2151 428; baseline -0.002 -18"><span class='ocrx_word' id='word_1_13' title='bbox 231 346 567 411; x_wconf 90' lang='lat' dir='ltr'>interitum</span> <span class='ocrx_word' id='word_1_14' title='bbox 627 345 749 410; x_wconf 91' lang='lat' dir='ltr'>tibi</span> <span class='ocrx_word' id='word_1_15' title='bbox 812 345 1149 428; x_wconf 82' lang='lat' dir='ltr'>confirm03</span> <span class='ocrx_word' id='word_1_16' title='bbox 1212 345 1290 409; x_wconf 88' lang='lat' dir='ltr'>de</span> <span class='ocrx_word' id='word_1_17' title='bbox 1354 366 1455 409; x_wconf 92' lang='lat' dir='ltr'>me</span> <span class='ocrx_word' id='word_1_18' title='bbox 1520 348 1737 408; x_wconf 89' lang='lat' dir='ltr'>autem</span> <span class='ocrx_word' id='word_1_19' title='bbox 1800 343 1893 408; x_wconf 92' lang='lat' dir='ltr'>sic</span> <span class='ocrx_word' id='word_1_20' title='bbox 1950 341 2151 408; x_wconf 84' lang='lat' dir='ltr'>velim</span> 
     </span>
     <span class='ocr_line' id='line_1_4' title="bbox 231 430 2150 520; baseline -0.002 -22"><span class='ocrx_word' id='word_1_21' title='bbox 231 434 503 520; x_wconf 90' lang='lat' dir='ltr'>iudices,</span> <span class='ocrx_word' id='word_1_22' title='bbox 556 437 871 520; x_wconf 87' lang='lat' dir='ltr'>quantum</span> <span class='ocrx_word' id='word_1_23' title='bbox 916 455 1037 520; x_wconf 88' lang='lat' dir='ltr'>ego</span> <span class='ocrx_word' id='word_1_24' title='bbox 1082 433 1352 519; x_wconf 89' lang='lat' dir='ltr'>possim,</span> <span class='ocrx_word' id='word_1_25' title='bbox 1406 454 1508 496; x_wconf 89' lang='lat' dir='ltr'>me</span> <span class='ocrx_word' id='word_1_26' title='bbox 1552 432 1701 517; x_wconf 89' lang='lat' dir='ltr'>tibi,</span> <span class='ocrx_word' id='word_1_27' title='bbox 1755 430 1950 497; x_wconf 89' lang='lat' dir='ltr'>saluti</span> <span class='ocrx_word' id='word_1_28' title='bbox 1993 434 2150 495; x_wconf 88' lang='lat' dir='ltr'>tuae</span> 
     </span>
     <span class='ocr_line' id='line_1_5' title="bbox 230 520 2155 606; baseline -0.002 -20"><span class='ocrx_word' id='word_1_29' title='bbox 230 523 576 606; x_wconf 89' lang='lat' dir='ltr'>liberisque</span> <span class='ocrx_word' id='word_1_30' title='bbox 629 522 758 586; x_wconf 89' lang='lat' dir='ltr'>tuis</span> <span class='ocrx_word' id='word_1_31' title='bbox 815 544 1064 587; x_wconf 89' lang='lat' dir='ltr'>summo</span> <span class='ocrx_word' id='word_1_32' title='bbox 1112 543 1257 586; x_wconf 90' lang='lat' dir='ltr'>cum</span> <span class='ocrx_word' id='word_1_33' title='bbox 1312 520 1524 586; x_wconf 90' lang='lat' dir='ltr'>studio</span> <span class='ocrx_word' id='word_1_34' title='bbox 1580 523 1838 606; x_wconf 91' lang='lat' dir='ltr'>praesto</span> <span class='ocrx_word' id='word_1_35' title='bbox 1895 541 2155 604; x_wconf 85' lang='lat' dir='ltr'>semper</span> 
     </span>
     <span class='ocr_line' id='line_1_6' title="bbox 231 609 819 677; baseline 0 -2"><span class='ocrx_word' id='word_1_36' title='bbox 231 610 542 677; x_wconf 82' lang='lat' dir='ltr'>futurum.</span> <span class='ocrx_word' id='word_1_37' title='bbox 631 609 819 676; x_wconf 85' lang='lat' dir='ltr'>Vale.</span> 
     </span>
    </p>
   </div>
   <div class='ocr_carea' id='block_1_3' title="bbox 1085 802 1298 868">
    <p class='ocr_par' dir='ltr' id='par_1_3' title="bbox 1085 802 1298 868">
     <span class='ocr_line' id='line_1_7' title="bbox 1085 802 1298 868; baseline 0 0"><span class='ocrx_word' id='word_1_38' title='bbox 1085 802 1298 868; x_wconf 89' lang='lat' dir='ltr'>XXII.</span> 
     </span>
    </p>
   </div>
   <div class='ocr_carea' id='block_1_4' title="bbox 614 915 1752 993">
    <p class='ocr_par' dir='ltr' id='par_1_4' title="bbox 614 915 1752 993">
     <span class='ocr_line' id='line_1_8' title="bbox 614 915 1752 993; baseline -0.004 -21"><span class='ocrx_word' id='word_1_39' title='bbox 614 915 729 972; x_wconf 83' lang='lat' dir='ltr'>Scr.</span> <span class='ocrx_word' id='word_1_40' title='bbox 767 916 979 972; x_wconf 79' lang='lat' dir='ltr'>Romae</span> <span class='ocrx_word' id='word_1_41' title='bbox 1013 916 1245 971; x_wconf 87' lang='lat' dir='ltr'>ineunte</span> <span class='ocrx_word' id='word_1_42' title='bbox 1283 931 1429 970; x_wconf 83' lang='lat' dir='ltr'>anno</span> <span class='ocrx_word' id='word_1_43' title='bbox 1466 933 1519 970; x_wconf 91' lang='lat' dir='ltr'>u.</span> <span class='ocrx_word' id='word_1_44' title='bbox 1547 931 1594 993; x_wconf 81' lang='lat' dir='ltr'>c.</span> <span class='ocrx_word' id='word_1_45' title='bbox 1635 921 1752 971; x_wconf 79' lang='lat'>708.</span> 
     </span>
    </p>
   </div>
   <div class='ocr_carea' id='block_1_5' title="bbox 872 1038 1493 1096">
    <p class='ocr_par' dir='ltr' id='par_1_5' title="bbox 872 1038 1493 1096">
     <span class='ocr_line' id='line_1_9' title="bbox 872 1038 1493 1096; baseline -0.003 0"><span class='ocrx_word' id='word_1_46' title='bbox 872 1039 1129 1096; x_wconf 85' lang='lat' dir='ltr'>CICERO</span> <span class='ocrx_word' id='word_1_47' title='bbox 1166 1038 1493 1096; x_wconf 86' lang='lat' dir='ltr'>DOMITIO.</span> 
     </span>
    </p>
   </div>
   <div class='ocr_carea' id='block_1_6' title="bbox 167 1139 2153 3526">
    <p class='ocr_par' dir='ltr' id='par_1_6' title="bbox 167 1139 2153 3526">
     <span class='ocr_line' id='line_1_10' title="bbox 365 1139 2150 1225; baseline -0.001 -18"><span class='ocrx_word' id='word_1_48' title='bbox 365 1139 520 1208; x_wconf 89' lang='lat' dir='ltr'>Non</span> <span class='ocrx_word' id='word_1_49' title='bbox 574 1162 652 1206; x_wconf 86' lang='lat' dir='ltr'>ea</span> <span class='ocrx_word' id='word_1_50' title='bbox 703 1163 807 1207; x_wconf 89' lang='lat' dir='ltr'>res</span> <span class='ocrx_word' id='word_1_51' title='bbox 858 1163 962 1205; x_wconf 91' lang='lat' dir='ltr'>me</span> <span class='ocrx_word' id='word_1_52' title='bbox 1016 1140 1353 1224; x_wconf 89' lang='lat' dir='ltr'>deterruit,</span> <span class='ocrx_word' id='word_1_53' title='bbox 1407 1161 1533 1225; x_wconf 91' lang='lat' dir='ltr'>quo</span> <span class='ocrx_word' id='word_1_54' title='bbox 1588 1139 1831 1224; x_wconf 89' lang='lat' dir='ltr'>minus,</span> <span class='ocrx_word' id='word_1_55' title='bbox 1891 1142 2150 1223; x_wconf 88' lang='lat' dir='ltr'>postea-</span> 
     </span>
     <span class='ocr_line' id='line_1_11' title="bbox 234 1228 2153 1315; baseline -0.002 -19"><span class='ocrx_word' id='word_1_56' title='bbox 234 1252 430 1315; x_wconf 89' lang='lat' dir='ltr'>quam</span> <span class='ocrx_word' id='word_1_57' title='bbox 482 1231 553 1296; x_wconf 93' lang='lat' dir='ltr'>in</span> <span class='ocrx_word' id='word_1_58' title='bbox 605 1230 863 1295; x_wconf 89' lang='lat' dir='ltr'>Italiam</span> <span class='ocrx_word' id='word_1_59' title='bbox 925 1229 1186 1313; x_wconf 86' lang='lat' dir='ltr'>venisti,</span> <span class='ocrx_word' id='word_1_60' title='bbox 1246 1229 1496 1294; x_wconf 76' lang='lat' dir='ltr'><strong>litteras</strong></span> <span class='ocrx_word' id='word_1_61' title='bbox 1551 1228 1633 1293; x_wconf 86' lang='lat' dir='ltr'>ad</span> <span class='ocrx_word' id='word_1_62' title='bbox 1687 1231 1752 1293; x_wconf 88' lang='lat' dir='ltr'>te</span> <span class='ocrx_word' id='word_1_63' title='bbox 1807 1228 2153 1311; x_wconf 90' lang='lat' dir='ltr'>mitterem,</span> 
     </span>
     <span class='ocr_line' id='line_1_12' title="bbox 235 1316 2153 1404; baseline -0.002 -20"><span class='ocrx_word' id='word_1_64' title='bbox 235 1320 407 1404; x_wconf 93' lang='lat' dir='ltr'>quod</span> <span class='ocrx_word' id='word_1_65' title='bbox 451 1322 525 1385; x_wconf 91' lang='lat' dir='ltr'>tu</span> <span class='ocrx_word' id='word_1_66' title='bbox 571 1319 652 1383; x_wconf 87' lang='lat' dir='ltr'>ad</span> <span class='ocrx_word' id='word_1_67' title='bbox 698 1341 799 1383; x_wconf 88' lang='lat' dir='ltr'>me</span> <span class='ocrx_word' id='word_1_68' title='bbox 844 1319 1058 1383; x_wconf 87' lang='lat' dir='ltr'>nullas</span> <span class='ocrx_word' id='word_1_69' title='bbox 1103 1318 1396 1402; x_wconf 74' lang='lat' dir='ltr'>miserae,</span> <span class='ocrx_word' id='word_1_70' title='bbox 1442 1316 1552 1382; x_wconf 89' lang='lat' dir='ltr'>sed</span> <span class='ocrx_word' id='word_1_71' title='bbox 1597 1317 1748 1401; x_wconf 91' lang='lat' dir='ltr'>quia</span> <span class='ocrx_word' id='word_1_72' title='bbox 1791 1338 1939 1401; x_wconf 92' lang='lat' dir='ltr'>nec,</span> <span class='ocrx_word' id='word_1_73' title='bbox 1993 1316 2153 1401; x_wconf 91' lang='lat' dir='ltr'>quid</span> 
     </span>
     <span class='ocr_line' id='line_1_13' title="bbox 233 1405 2150 1493; baseline -0.002 -21"><span class='ocrx_word' id='word_1_74' title='bbox 233 1409 356 1473; x_wconf 90' lang='lat' dir='ltr'>tibi</span> <span class='ocrx_word' id='word_1_75' title='bbox 398 1409 735 1493; x_wconf 84' lang='lat' dir='ltr'>pollicerer</span> <span class='ocrx_word' id='word_1_76' title='bbox 778 1408 915 1493; x_wconf 89' lang='lat' dir='ltr'>ipse</span> <span class='ocrx_word' id='word_1_77' title='bbox 962 1427 1158 1492; x_wconf 87' lang='lat' dir='ltr'>egens</span> <span class='ocrx_word' id='word_1_78' title='bbox 1203 1406 1396 1472; x_wconf 88' lang='lat' dir='ltr'>rebus</span> <span class='ocrx_word' id='word_1_79' title='bbox 1442 1405 1759 1490; x_wconf 90' lang='lat' dir='ltr'>omnibus,</span> <span class='ocrx_word' id='word_1_80' title='bbox 1802 1426 1940 1490; x_wconf 92' lang='lat' dir='ltr'>nec,</span> <span class='ocrx_word' id='word_1_81' title='bbox 1992 1405 2150 1489; x_wconf 91' lang='lat' dir='ltr'>quid</span> 
     </span>
     <span class='ocr_line' id='line_1_14' title="bbox 236 1493 2153 1581; baseline -0.003 -19"><span class='ocrx_word' id='word_1_82' title='bbox 236 1497 598 1580; x_wconf 80' lang='lat' dir='ltr'>suaderem,</span> <span class='ocrx_word' id='word_1_83' title='bbox 662 1518 859 1581; x_wconf 89' lang='lat' dir='ltr'>quum</span> <span class='ocrx_word' id='word_1_84' title='bbox 921 1495 1215 1560; x_wconf 90' lang='lat' dir='ltr'>mihimet</span> <span class='ocrx_word' id='word_1_85' title='bbox 1286 1495 1413 1580; x_wconf 92' lang='lat' dir='ltr'>ipsi</span> <span class='ocrx_word' id='word_1_86' title='bbox 1476 1494 1815 1560; x_wconf 89' lang='lat' dir='ltr'>consilium</span> <span class='ocrx_word' id='word_1_87' title='bbox 1879 1493 2153 1578; x_wconf 76' lang='lat' dir='ltr'>deesset,</span> 
     </span>
     <span class='ocr_line' id='line_1_15' title="bbox 235 1582 2151 1670; baseline -0.002 -21"><span class='ocrx_word' id='word_1_88' title='bbox 235 1607 354 1650; x_wconf 92' lang='lat' dir='ltr'>nec</span> <span class='ocrx_word' id='word_1_89' title='bbox 362 1636 381 1670; x_wconf 96' lang='lat'>,</span> <span class='ocrx_word' id='word_1_90' title='bbox 443 1586 596 1669; x_wconf 90' lang='lat' dir='ltr'>quid</span> <span class='ocrx_word' id='word_1_91' title='bbox 660 1582 1120 1651; x_wconf 74' lang='lat' dir='ltr'>consolationis</span> <span class='ocrx_word' id='word_1_92' title='bbox 1186 1583 1480 1649; x_wconf 84' lang='lat' dir='ltr'>afferrem</span> <span class='ocrx_word' id='word_1_93' title='bbox 1541 1584 1614 1647; x_wconf 92' lang='lat' dir='ltr'>in</span> <span class='ocrx_word' id='word_1_94' title='bbox 1673 1583 1876 1647; x_wconf 89' lang='lat' dir='ltr'>tantis</span> <span class='ocrx_word' id='word_1_95' title='bbox 1939 1583 2151 1667; x_wconf 78' lang='lat' dir='ltr'>maliS,</span> 
     </span>
     <span class='ocr_line' id='line_1_16' title="bbox 226 1671 2150 1759; baseline -0.002 -22"><span class='ocrx_word' id='word_1_96' title='bbox 226 1674 649 1759; x_wconf 70' lang='lat' dir='ltr'>reperiebam.</span> <span class='ocrx_word' id='word_1_97' title='bbox 736 1671 916 1738; x_wconf 90' lang='lat' dir='ltr'>Haec</span> <span class='ocrx_word' id='word_1_98' title='bbox 970 1695 1362 1758; x_wconf 86' lang='lat' dir='ltr'>quamquam</span> <span class='ocrx_word' id='word_1_99' title='bbox 1411 1672 1616 1736; x_wconf 89' lang='lat' dir='ltr'>nihilo</span> <span class='ocrx_word' id='word_1_100' title='bbox 1670 1671 1940 1737; x_wconf 86' lang='lat' dir='ltr'>meliora</span> <span class='ocrx_word' id='word_1_101' title='bbox 1992 1675 2150 1736; x_wconf 92' lang='lat' dir='ltr'>sunt</span> 
     </span>
     <span class='ocr_line' id='line_1_17' title="bbox 236 1760 2148 1847; baseline -0.001 -22"><span class='ocrx_word' id='word_1_102' title='bbox 236 1782 410 1826; x_wconf 90' lang='lat' dir='ltr'>nunc</span> <span class='ocrx_word' id='word_1_103' title='bbox 455 1764 647 1844; x_wconf 85' lang='lat' dir='ltr'>atque</span> <span class='ocrx_word' id='word_1_104' title='bbox 694 1761 887 1825; x_wconf 90' lang='lat' dir='ltr'>etiam</span> <span class='ocrx_word' id='word_1_105' title='bbox 922 1761 1127 1826; x_wconf 90' lang='lat' dir='ltr'>multo</span> <span class='ocrx_word' id='word_1_106' title='bbox 1166 1761 1618 1847; x_wconf 88' lang='lat' dir='ltr'>desperatiora,</span> <span class='ocrx_word' id='word_1_107' title='bbox 1661 1763 1881 1824; x_wconf 90' lang='lat' dir='ltr'>tamen</span> <span class='ocrx_word' id='word_1_108' title='bbox 1915 1760 2148 1825; x_wconf 84' lang='lat' dir='ltr'>inanes</span> 
     </span>
     <span class='ocr_line' id='line_1_18' title="bbox 167 1848 2148 1935; baseline 0.001 -23"><span class='ocrx_word' id='word_1_109' title='bbox 167 1864 198 1911; x_wconf 62' lang='grc' dir='ltr'>ε).</span> <span class='ocrx_word' id='word_1_110' title='bbox 238 1872 375 1915; x_wconf 89' lang='lat' dir='ltr'>esse</span> <span class='ocrx_word' id='word_1_111' title='bbox 420 1872 597 1915; x_wconf 87' lang='lat' dir='ltr'>meas</span> <span class='ocrx_word' id='word_1_112' title='bbox 639 1851 891 1916; x_wconf 84' lang='lat' dir='ltr'>litteras</span> <span class='ocrx_word' id='word_1_113' title='bbox 938 1873 1132 1935; x_wconf 83' lang='lat' dir='ltr'>quam</span> <span class='ocrx_word' id='word_1_114' title='bbox 1185 1851 1397 1915; x_wconf 89' lang='lat' dir='ltr'>nullas</span> <span class='ocrx_word' id='word_1_115' title='bbox 1442 1849 1657 1914; x_wconf 88' lang='lat' dir='ltr'>malui.</span> <span class='ocrx_word' id='word_1_116' title='bbox 1745 1848 1920 1935; x_wconf 82' lang='lat' dir='ltr'>Ego,</span> <span class='ocrx_word' id='word_1_117' title='bbox 1979 1850 2035 1914; x_wconf 90' lang='lat' dir='ltr'>si</span> <span class='ocrx_word' id='word_1_118' title='bbox 2078 1852 2148 1913; x_wconf 90' lang='lat' dir='ltr'>te</span> 
     </span>
     <span class='ocr_line' id='line_1_19' title="bbox 235 1938 2148 2024; baseline -0.001 -22"><span class='ocrx_word' id='word_1_119' title='bbox 235 1939 663 2024; x_wconf 73' lang='lat' dir='ltr'>intelligerem</span> <span class='ocrx_word' id='word_1_120' title='bbox 708 1939 854 2023; x_wconf 89' lang='lat' dir='ltr'>plus</span> <span class='ocrx_word' id='word_1_121' title='bbox 900 1942 1205 2006; x_wconf 87' lang='lat' dir='ltr'>conatum</span> <span class='ocrx_word' id='word_1_122' title='bbox 1250 1961 1388 2004; x_wconf 89' lang='lat' dir='ltr'>esse</span> <span class='ocrx_word' id='word_1_123' title='bbox 1433 1939 1753 2023; x_wconf 84' lang='lat' dir='ltr'>suscipere</span> <span class='ocrx_word' id='word_1_124' title='bbox 1799 1939 1892 2002; x_wconf 91' lang='lat' dir='ltr'>rei</span> <span class='ocrx_word' id='word_1_125' title='bbox 1936 1938 2148 2022; x_wconf 91' lang='lat' dir='ltr'>publi-</span> 
     </span>
     <span class='ocr_line' id='line_1_20' title="bbox 238 2029 2147 2113; baseline -0.001 -22"><span class='ocrx_word' id='word_1_126' title='bbox 238 2048 349 2092; x_wconf 90' lang='lat' dir='ltr'>cae</span> <span class='ocrx_word' id='word_1_127' title='bbox 414 2048 607 2093; x_wconf 88' lang='lat' dir='ltr'>causa</span> <span class='ocrx_word' id='word_1_128' title='bbox 658 2029 969 2113; x_wconf 77' lang='lat' dir='ltr'>muneriS,</span> <span class='ocrx_word' id='word_1_129' title='bbox 1033 2050 1227 2112; x_wconf 91' lang='lat' dir='ltr'>quam</span> <span class='ocrx_word' id='word_1_130' title='bbox 1281 2030 1594 2111; x_wconf 90' lang='lat' dir='ltr'>quantum</span> <span class='ocrx_word' id='word_1_131' title='bbox 1647 2031 1974 2110; x_wconf 88' lang='lat' dir='ltr'>praestare</span> <span class='ocrx_word' id='word_1_132' title='bbox 2031 2047 2147 2110; x_wconf 92' lang='lat' dir='ltr'>po·</span> 
     </span>
     <span class='ocr_line' id='line_1_21' title="bbox 235 2115 2148 2202; baseline -0.001 -22"><span class='ocrx_word' id='word_1_133' title='bbox 235 2116 490 2201; x_wconf 89' lang='lat' dir='ltr'>tuisses,</span> <span class='ocrx_word' id='word_1_134' title='bbox 522 2120 761 2202; x_wconf 90' lang='lat' dir='ltr'>tamen,</span> <span class='ocrx_word' id='word_1_135' title='bbox 796 2118 1301 2201; x_wconf 89' lang='lat' dir='ltr'>quibuscumque</span> <span class='ocrx_word' id='word_1_136' title='bbox 1337 2117 1527 2181; x_wconf 90' lang='lat' dir='ltr'>rebus</span> <span class='ocrx_word' id='word_1_137' title='bbox 1564 2137 1838 2199; x_wconf 89' lang='lat' dir='ltr'>possem,</span> <span class='ocrx_word' id='word_1_138' title='bbox 1883 2115 1966 2180; x_wconf 86' lang='lat' dir='ltr'>ad</span> <span class='ocrx_word' id='word_1_139' title='bbox 2002 2136 2148 2179; x_wconf 88' lang='lat' dir='ltr'>eam</span> 
     </span>
     <span class='ocr_line' id='line_1_22' title="bbox 238 2204 2148 2288; baseline -0.001 -20"><span class='ocrx_word' id='word_1_140' title='bbox 238 2204 679 2271; x_wconf 89' lang='lat' dir='ltr'>condicionem</span> <span class='ocrx_word' id='word_1_141' title='bbox 713 2209 779 2270; x_wconf 89' lang='lat' dir='ltr'>te</span> <span class='ocrx_word' id='word_1_142' title='bbox 814 2204 1089 2288; x_wconf 81' lang='lat' dir='ltr'>vivendi,</span> <span class='ocrx_word' id='word_1_143' title='bbox 1135 2226 1298 2288; x_wconf 89' lang='lat' dir='ltr'>quae</span> <span class='ocrx_word' id='word_1_144' title='bbox 1336 2205 1595 2269; x_wconf 84' lang='lat' dir='ltr'>daretur</span> <span class='ocrx_word' id='word_1_145' title='bbox 1632 2226 1920 2288; x_wconf 88' lang='lat' dir='ltr'>quaeque</span> <span class='ocrx_word' id='word_1_146' title='bbox 1959 2206 2148 2287; x_wconf 89' lang='lat' dir='ltr'>esset,</span> 
     </span>
     <span class='ocr_line' id='line_1_23' title="bbox 236 2292 2147 2380; baseline -0.001 -23"><span class='ocrx_word' id='word_1_147' title='bbox 236 2292 558 2378; x_wconf 79' lang='lat' dir='ltr'>hortarer3</span> <span class='ocrx_word' id='word_1_148' title='bbox 620 2294 758 2380; x_wconf 90' lang='lat' dir='ltr'>sed,</span> <span class='ocrx_word' id='word_1_149' title='bbox 821 2316 1019 2378; x_wconf 89' lang='lat' dir='ltr'>quum</span> <span class='ocrx_word' id='word_1_150' title='bbox 1082 2292 1334 2358; x_wconf 88' lang='lat' dir='ltr'>consilii</span> <span class='ocrx_word' id='word_1_151' title='bbox 1396 2293 1493 2358; x_wconf 89' lang='lat' dir='ltr'>tui</span> <span class='ocrx_word' id='word_1_152' title='bbox 1545 2293 1709 2357; x_wconf 88' lang='lat' dir='ltr'>bene</span> <span class='ocrx_word' id='word_1_153' title='bbox 1762 2292 2147 2377; x_wconf 88' lang='lat' dir='ltr'>fortiterque</span> 
     </span>
     <span class='ocr_line' id='line_1_24' title="bbox 239 2381 2145 2467; baseline 0.001 -22"><span class='ocrx_word' id='word_1_154' title='bbox 239 2383 518 2467; x_wconf 90' lang='lat' dir='ltr'>suscepti</span> <span class='ocrx_word' id='word_1_155' title='bbox 572 2404 720 2448; x_wconf 89' lang='lat' dir='ltr'>eum</span> <span class='ocrx_word' id='word_1_156' title='bbox 771 2382 893 2447; x_wconf 90' lang='lat' dir='ltr'>tibi</span> <span class='ocrx_word' id='word_1_157' title='bbox 943 2382 1142 2446; x_wconf 91' lang='lat' dir='ltr'>finem</span> <span class='ocrx_word' id='word_1_158' title='bbox 1187 2381 1513 2465; x_wconf 86' lang='lat' dir='ltr'>statueris,</span> <span class='ocrx_word' id='word_1_159' title='bbox 1576 2403 1767 2465; x_wconf 88' lang='lat' dir='ltr'>quem</span> <span class='ocrx_word' id='word_1_160' title='bbox 1818 2382 1962 2466; x_wconf 82' lang='lat' dir='ltr'>ipsa</span> <span class='ocrx_word' id='word_1_161' title='bbox 2013 2381 2145 2446; x_wconf 87' lang='lat' dir='ltr'>for-</span> 
     </span>
     <span class='ocr_line' id='line_1_25' title="bbox 236 2471 2146 2536; baseline 0.001 -3"><span class='ocrx_word' id='word_1_162' title='bbox 236 2473 400 2535; x_wconf 88' lang='lat' dir='ltr'>tuna</span> <span class='ocrx_word' id='word_1_163' title='bbox 459 2472 806 2536; x_wconf 91' lang='lat' dir='ltr'>terminum</span> <span class='ocrx_word' id='word_1_164' title='bbox 867 2473 1238 2535; x_wconf 89' lang='lat' dir='ltr'>nostrarum</span> <span class='ocrx_word' id='word_1_165' title='bbox 1300 2471 1787 2535; x_wconf 86' lang='lat' dir='ltr'>contentionum</span> <span class='ocrx_word' id='word_1_166' title='bbox 1843 2491 1980 2535; x_wconf 89' lang='lat' dir='ltr'>esse</span> <span class='ocrx_word' id='word_1_167' title='bbox 2036 2491 2146 2535; x_wconf 83' lang='lat' dir='ltr'>vo-</span> 
     </span>
     <span class='ocr_line' id='line_1_26' title="bbox 235 2560 2145 2645; baseline 0.001 -23"><span class='ocrx_word' id='word_1_168' title='bbox 235 2560 489 2645; x_wconf 81' lang='lat' dir='ltr'>luisset,</span> <span class='ocrx_word' id='word_1_169' title='bbox 541 2582 655 2626; x_wconf 93' lang='lat' dir='ltr'>oro</span> <span class='ocrx_word' id='word_1_170' title='bbox 712 2560 1123 2643; x_wconf 89' lang='lat' dir='ltr'>obtestorque</span> <span class='ocrx_word' id='word_1_171' title='bbox 1175 2561 1241 2622; x_wconf 89' lang='lat' dir='ltr'>te</span> <span class='ocrx_word' id='word_1_172' title='bbox 1295 2580 1413 2643; x_wconf 93' lang='lat' dir='ltr'>pro</span> <span class='ocrx_word' id='word_1_173' title='bbox 1458 2562 1670 2624; x_wconf 84' lang='lat' dir='ltr'>vetere</span> <span class='ocrx_word' id='word_1_174' title='bbox 1724 2561 1950 2624; x_wconf 86' lang='lat' dir='ltr'>nostra</span> <span class='ocrx_word' id='word_1_175' title='bbox 1994 2580 2145 2624; x_wconf 88' lang='lat' dir='ltr'>con·</span> 
     </span>
     <span class='ocr_line' id='line_1_27' title="bbox 239 2646 2146 2732; baseline -0.001 -20"><span class='ocrx_word' id='word_1_176' title='bbox 239 2649 565 2714; x_wconf 88' lang='lat' dir='ltr'>iunctione</span> <span class='ocrx_word' id='word_1_177' title='bbox 621 2670 695 2713; x_wconf 90' lang='lat' dir='ltr'>ac</span> <span class='ocrx_word' id='word_1_178' title='bbox 748 2646 1219 2712; x_wconf 85' lang='lat' dir='ltr'>ne’cessitudine</span> <span class='ocrx_word' id='word_1_179' title='bbox 1271 2668 1514 2732; x_wconf 88' lang='lat' dir='ltr'>proque</span> <span class='ocrx_word' id='word_1_180' title='bbox 1570 2669 1821 2711; x_wconf 86' lang='lat' dir='ltr'>summa</span> <span class='ocrx_word' id='word_1_181' title='bbox 1872 2668 2016 2711; x_wconf 89' lang='lat' dir='ltr'>mea</span> <span class='ocrx_word' id='word_1_182' title='bbox 2075 2648 2146 2711; x_wconf 90' lang='lat' dir='ltr'>in</span> 
     </span>
     <span class='ocr_line' id='line_1_28' title="bbox 237 2735 2144 2821; baseline -0.001 -20"><span class='ocrx_word' id='word_1_183' title='bbox 237 2742 301 2801; x_wconf 91' lang='lat' dir='ltr'>te</span> <span class='ocrx_word' id='word_1_184' title='bbox 347 2737 799 2803; x_wconf 83' lang='lat' dir='ltr'>benevolentia</span> <span class='ocrx_word' id='word_1_185' title='bbox 845 2739 910 2800; x_wconf 91' lang='lat' dir='ltr'>et</span> <span class='ocrx_word' id='word_1_186' title='bbox 954 2738 1070 2800; x_wconf 86' lang='lat' dir='ltr'>tua</span> <span class='ocrx_word' id='word_1_187' title='bbox 1112 2735 1184 2799; x_wconf 91' lang='lat' dir='ltr'>in</span> <span class='ocrx_word' id='word_1_188' title='bbox 1226 2757 1330 2800; x_wconf 91' lang='lat' dir='ltr'>me</span> <span class='ocrx_word' id='word_1_189' title='bbox 1367 2736 1527 2820; x_wconf 90' lang='lat' dir='ltr'>pari,</span> <span class='ocrx_word' id='word_1_190' title='bbox 1570 2739 1637 2799; x_wconf 93' lang='lat' dir='ltr'>te</span> <span class='ocrx_word' id='word_1_191' title='bbox 1670 2738 1748 2800; x_wconf 93' lang='lat' dir='ltr'>ut</span> <span class='ocrx_word' id='word_1_192' title='bbox 1781 2736 1991 2820; x_wconf 92' lang='lat' dir='ltr'>nobis,</span> <span class='ocrx_word' id='word_1_193' title='bbox 2035 2759 2144 2821; x_wconf 85' lang='lat' dir='ltr'>pa·</span> 
     </span>
     <span class='ocr_line' id='line_1_29' title="bbox 236 2824 2144 2911; baseline -0.001 -20"><span class='ocrx_word' id='word_1_194' title='bbox 236 2827 424 2910; x_wconf 90' lang='lat' dir='ltr'>renti,</span> <span class='ocrx_word' id='word_1_195' title='bbox 469 2826 731 2911; x_wconf 81' lang='lat' dir='ltr'>coniugi</span> <span class='ocrx_word' id='word_1_196' title='bbox 773 2824 1029 2909; x_wconf 89' lang='lat' dir='ltr'>tuisque</span> <span class='ocrx_word' id='word_1_197' title='bbox 1077 2824 1401 2908; x_wconf 91' lang='lat' dir='ltr'>omnibus,</span> <span class='ocrx_word' id='word_1_198' title='bbox 1448 2824 1677 2909; x_wconf 90' lang='lat' dir='ltr'>quibus</span> <span class='ocrx_word' id='word_1_199' title='bbox 1723 2845 1791 2888; x_wconf 92' lang='lat' dir='ltr'>es</span> <span class='ocrx_word' id='word_1_200' title='bbox 1835 2824 2144 2909; x_wconf 88' lang='lat' dir='ltr'>fuistique</span> 
     </span>
     <span class='ocr_line' id='line_1_30' title="bbox 237 2912 2142 3000; baseline 0.001 -22"><span class='ocrx_word' id='word_1_201' title='bbox 237 2935 490 3000; x_wconf 91' lang='lat' dir='ltr'>semper</span> <span class='ocrx_word' id='word_1_202' title='bbox 542 2913 935 2998; x_wconf 88' lang='lat' dir='ltr'>carissimus,</span> <span class='ocrx_word' id='word_1_203' title='bbox 993 2912 1243 2978; x_wconf 82' lang='lat' dir='ltr'>salvum</span> <span class='ocrx_word' id='word_1_204' title='bbox 1297 2934 1662 2997; x_wconf 83' lang='lat' dir='ltr'>conserves,</span> <span class='ocrx_word' id='word_1_205' title='bbox 1715 2913 2142 2979; x_wconf 84' lang='lat' dir='ltr'>incolumitati</span> 
     </span>
     <span class='ocr_line' id='line_1_31' title="bbox 236 3001 2143 3087; baseline 0 -21"><span class='ocrx_word' id='word_1_206' title='bbox 236 3005 387 3066; x_wconf 85' lang='lat' dir='ltr'>tuae</span> <span class='ocrx_word' id='word_1_207' title='bbox 430 3006 836 3087; x_wconf 90' lang='lat' dir='ltr'>tuorumque,</span> <span class='ocrx_word' id='word_1_208' title='bbox 881 3001 992 3087; x_wconf 89' lang='lat' dir='ltr'>qui</span> <span class='ocrx_word' id='word_1_209' title='bbox 1036 3023 1115 3066; x_wconf 86' lang='lat' dir='ltr'>ex</span> <span class='ocrx_word' id='word_1_210' title='bbox 1157 3004 1224 3065; x_wconf 88' lang='lat' dir='ltr'>te</span> <span class='ocrx_word' id='word_1_211' title='bbox 1268 3001 1571 3086; x_wconf 89' lang='lat' dir='ltr'>pendent,</span> <span class='ocrx_word' id='word_1_212' title='bbox 1616 3001 1934 3087; x_wconf 88' lang='lat' dir='ltr'>consulas,</span> <span class='ocrx_word' id='word_1_213' title='bbox 1981 3023 2143 3087; x_wconf 88' lang='lat' dir='ltr'>quae</span> 
     </span>
     <span class='ocr_line' id='line_1_32' title="bbox 238 3089 2144 3174; baseline 0.002 -22"><span class='ocrx_word' id='word_1_214' title='bbox 238 3089 516 3153; x_wconf 86' lang='lat' dir='ltr'>didicisti</span> <span class='ocrx_word' id='word_1_215' title='bbox 560 3112 848 3174; x_wconf 85' lang='lat' dir='ltr'>quaeque</span> <span class='ocrx_word' id='word_1_216' title='bbox 894 3089 976 3154; x_wconf 89' lang='lat' dir='ltr'>ab</span> <span class='ocrx_word' id='word_1_217' title='bbox 1023 3089 1454 3155; x_wconf 85' lang='lat' dir='ltr'>adolescentia</span> <span class='ocrx_word' id='word_1_218' title='bbox 1489 3089 1914 3174; x_wconf 89' lang='lat' dir='ltr'>pulcherrime</span> <span class='ocrx_word' id='word_1_219' title='bbox 1961 3111 2002 3154; x_wconf 86' lang='lat' dir='ltr'>a</span> <span class='ocrx_word' id='word_1_220' title='bbox 2046 3112 2144 3155; x_wconf 87' lang='lat' dir='ltr'>sa·</span> 
     </span>
     <span class='ocr_line' id='line_1_33' title="bbox 238 3175 2142 3257; baseline 0.003 -20"><span class='ocrx_word' id='word_1_221' title='bbox 238 3175 655 3257; x_wconf 88' lang='lat' dir='ltr'>pientissimis</span> <span class='ocrx_word' id='word_1_222' title='bbox 698 3178 853 3241; x_wconf 81' lang='lat' dir='ltr'>viris</span> <span class='ocrx_word' id='word_1_223' title='bbox 897 3178 1137 3242; x_wconf 89' lang='lat' dir='ltr'>tradita</span> <span class='ocrx_word' id='word_1_224' title='bbox 1181 3178 1491 3244; x_wconf 88' lang='lat' dir='ltr'>memoria</span> <span class='ocrx_word' id='word_1_225' title='bbox 1542 3182 1608 3242; x_wconf 91' lang='lat' dir='ltr'>et</span> <span class='ocrx_word' id='word_1_226' title='bbox 1653 3178 1920 3243; x_wconf 85' lang='lat' dir='ltr'>scientia</span> <span class='ocrx_word' id='word_1_227' title='bbox 1973 3200 2142 3245; x_wconf 94' lang='lat' dir='ltr'>com-</span> 
     </span>
     <span class='ocr_line' id='line_1_34' title="bbox 238 3261 2143 3352; baseline 0.005 -29"><span class='ocrx_word' id='word_1_228' title='bbox 238 3261 652 3345; x_wconf 86' lang='lat' dir='ltr'>prehendisti,</span> <span class='ocrx_word' id='word_1_229' title='bbox 694 3264 774 3326; x_wconf 92' lang='lat' dir='ltr'>iis</span> <span class='ocrx_word' id='word_1_230' title='bbox 818 3265 943 3329; x_wconf 91' lang='lat' dir='ltr'>hoc</span> <span class='ocrx_word' id='word_1_231' title='bbox 986 3268 1276 3348; x_wconf 82' lang='lat' dir='ltr'>tempore</span> <span class='ocrx_word' id='word_1_232' title='bbox 1322 3269 1523 3352; x_wconf 84' lang='lat' dir='ltr'>utare,</span> <span class='ocrx_word' id='word_1_233' title='bbox 1566 3288 1729 3350; x_wconf 90' lang='lat' dir='ltr'>quos</span> <span class='ocrx_word' id='word_1_234' title='bbox 1763 3266 2143 3332; x_wconf 87' lang='lat' dir='ltr'>coniunctos</span> 
     </span>
     <span class='ocr_line' id='line_1_35' title="bbox 240 3349 2142 3437; baseline 0.005 -28"><span class='ocrx_word' id='word_1_235' title='bbox 240 3369 490 3411; x_wconf 89' lang='lat' dir='ltr'>summa</span> <span class='ocrx_word' id='word_1_236' title='bbox 558 3349 1007 3416; x_wconf 83' lang='lat' dir='ltr'>benevolentia</span> <span class='ocrx_word' id='word_1_237' title='bbox 1069 3352 1488 3437; x_wconf 90' lang='lat' dir='ltr'>plurimisque</span> <span class='ocrx_word' id='word_1_238' title='bbox 1562 3354 1791 3419; x_wconf 88' lang='lat' dir='ltr'>officiis</span> <span class='ocrx_word' id='word_1_239' title='bbox 1853 3354 2142 3436; x_wconf 88' lang='lat' dir='ltr'>amisisti,</span> 
     </span>
     <span class='ocr_line' id='line_1_36' title="bbox 242 3432 2138 3526; baseline 0.006 -30"><span class='ocrx_word' id='word_1_240' title='bbox 242 3455 461 3498; x_wconf 89' lang='lat' dir='ltr'>eorum</span> <span class='ocrx_word' id='word_1_241' title='bbox 524 3432 933 3520; x_wconf 87' lang='lat' dir='ltr'>desiderium,</span> <span class='ocrx_word' id='word_1_242' title='bbox 996 3440 1051 3502; x_wconf 90' lang='lat' dir='ltr'>si</span> <span class='ocrx_word' id='word_1_243' title='bbox 1104 3461 1240 3504; x_wconf 91' lang='lat' dir='ltr'>non</span> <span class='ocrx_word' id='word_1_244' title='bbox 1294 3463 1497 3526; x_wconf 90' lang='lat' dir='ltr'>aequo</span> <span class='ocrx_word' id='word_1_245' title='bbox 1553 3441 1767 3507; x_wconf 90' lang='lat' dir='ltr'>animo</span> <span class='ocrx_word' id='word_1_246' title='bbox 1776 3493 1794 3526; x_wconf 95' lang='lat'>,</span> <span class='ocrx_word' id='word_1_247' title='bbox 1856 3444 1925 3505; x_wconf 91' lang='lat' dir='ltr'>at</span> <span class='ocrx_word' id='word_1_248' title='bbox 1987 3441 2138 3507; x_wconf 88' lang='lat' dir='ltr'>forti</span> 
     </span>
    </p>
   </div>
  </div>
 </body>
</html>
