2338 3691
660 114 1178 175 EPISTOLARUM
1215 114 1337 175 ΧΗ.
1378 126 1461 176 14.
1502 121 1585 176 15.
1949 115 2081 181 395

163 263 327 329 rime
354 267 640 349 possent,
666 263 827 329 Asia
851 265 1182 349 provincia
1208 266 1674 352 vectigaliaque
1701 266 1772 330 in
1797 269 2080 333 vestram

168 357 558 438 potestatem
620 352 1086 439 redigerentur:
1152 356 1324 438 quod
1388 377 1586 439 quum
1643 356 2080 439 pertimuisset

167 442 510 507 Dolabella
553 445 924 525 vastataque
976 444 1334 528 provincia,
1388 444 1697 528 correptis
1750 446 2077 530 vectigali-

168 532 319 617 bus,
372 531 713 616 praecipue
767 532 1010 597 civibus
1064 532 1376 598 Romanis
1436 533 1732 599 omnibus
1779 534 2078 599 crudelis-

168 621 329 685 sime
395 619 732 689 denudatis
796 641 870 685 ac
925 621 1266 687 divenditis
1329 622 1594 687 celerius
1649 622 1809 687 Asia
1871 645 2079 688 exces-

169 711 379 794 sisset,
426 732 620 794 quam
656 731 731 776 eo
766 710 1158 795 praesidium
1196 711 1426 775 adduci
1460 712 1793 796 potuisset,
1839 710 2079 778 diutius

171 800 411 865 morari
457 803 571 864 aut
616 802 982 884 exspectare
1025 800 1416 884 praesidium
1474 822 1609 866 non
1651 822 1912 866 necesse
1964 801 2078 866 ha-

169 889 285 954 bui
331 893 396 954 et
441 911 634 973 quam
685 888 964 974 primum
1019 889 1100 954 ad
1152 911 1367 954 meum
1423 889 1707 954 officium
1758 895 2079 956 reverten-

172 978 328 1043 dum
371 978 533 1042 mihi
586 999 725 1044 esse
769 978 1155 1064 existimavi,
1212 983 1287 1044 ut
1331 983 1397 1044 et
1448 980 1697 1063 reliqua
1739 980 2082 1065 vectigalia

169 1067 495 1152 exigerem
562 1072 628 1132 et
691 1089 884 1151 quam
955 1068 1223 1152 deposui
1284 1068 1624 1153 pecuniam
1695 1069 2082 1155 colligerem,

168 1156 453 1241 quidque
496 1178 573 1220 ex
608 1177 684 1221 ea
720 1161 1085 1241 correptum
1121 1161 1291 1222 esset
1327 1161 1439 1222 aut
1475 1177 1748 1241 quorum
1789 1158 1857 1222 id
1893 1159 2083 1242 culpa

167 1245 536 1329 accidisset,
599 1266 1052 1331 cognoscerem
1116 1268 1310 1330 quam
1371 1247 1649 1331 primum
1714 1250 1780 1311 et
1833 1268 1948 1312 vos
2003 1247 2080 1311 de

169 1335 353 1399 omni
397 1356 465 1399 re
510 1334 789 1400 facerem
842 1336 1163 1401 certiores,
1252 1335 1521 1401 Interim
1575 1357 1773 1420 quum
1825 1357 1942 1420 per
1984 1336 2081 1399 in·

169 1424 404 1488 sulas
385 1445 456 1487 111
484 1422 709 1488 Asiam
744 1424 1080 1510 naviganti
1116 1425 1277 1490 mihi
1312 1425 1683 1490 nuntiatum
1719 1428 1888 1490 esset
1924 1425 2080 1489 clas-

167 1534 312 1577 sem
374 1512 749 1577 Dolabellae
812 1514 882 1577 in
944 1513 1141 1598 Lycia
1205 1535 1342 1580 esse
1405 1514 1820 1597 Rhodiosque
1884 1535 2080 1579 naves

172 1602 536 1685 complures
597 1602 945 1667 instructas
1010 1607 1074 1667 et
1136 1606 1396 1686 paratas
1466 1604 1539 1667 in
1601 1625 1770 1686 aqua
1825 1603 2082 1686 habere,

172 1711 324 1754 cum
383 1691 462 1754 iis
506 1691 807 1775 navibus,
861 1713 1020 1775 quas
1067 1696 1180 1756 aut
1232 1714 1483 1756 mecum
1537 1691 1925 1756 adduxeram
1970 1695 2083 1756 aut

171 1783 663 1863 comparaverat
705 1778 999 1844 Patiscus
1044 1803 1252 1866 proq.,
1296 1780 1492 1847 homo
1538 1781 1699 1844 mihi
1744 1803 1942 1865 quum
1986 1781 2082 1845 fa-

173 1867 576 1954 miliaritate,
628 1874 769 1934 tum
814 1870 1010 1958 etiam
1064 1871 1357 1936 sensibus
1402 1871 1472 1934 in
1516 1892 1593 1944 16
1629 1870 1889 1954 publica
1933 1892 2083 1936 con·

168 1957 643 2043 iunctissimus,
694 1957 997 2024 Rhodum
1060 1959 1305 2025 deverti
1357 1959 1637 2025 confisus
1701 1960 2081 2025 auctoritate

172 2050 391 2111 vestra
437 2050 822 2131 senatusque
867 2048 1182 2133 consulto,
1226 2070 1354 2132 quo
1390 2048 1644 2114 hostem
1678 2048 2084 2113 Dolabellam

171 2134 574 2220 iudicaratis,
616 2135 874 2201 foedere
920 2158 1201 2222 quoque,
1247 2137 1419 2220 quod
1465 2159 1611 2202 cum
1656 2138 1735 2201 113
1780 2136 1867 2202 M.
1913 2135 2083 2201 Mar-

168 2224 355 2289 06110
387 2221 518 2289 Ser.
555 2188 846 2309 'Sulpicio
900 2246 1044 2291 0033.
1088 2230 1470 2291 renovatum
1523 2231 1689 2311 erat,
1743 2247 1870 2310 quo
1915 2226 2083 2291 iura·

171 2315 407 2377 verant
462 2313 702 2379 Rhodii
766 2313 1022 2380 eosdem
1083 2314 1305 2380 hostes
1369 2337 1435 2380 se
1496 2314 1860 2399 habituros,
1924 2336 2084 2398 quos

170 2404 440 2466 senatus
502 2403 904 2487 populusque
958 2402 1045 2467 R:
1111 2425 1274 2487 quae
1325 2425 1429 2469 res
1492 2425 1613 2469 nos
1675 2403 2086 2469 vehementer

122 2488 127 2494 ’
173 2490 442 2574 fefellit3
503 2494 760 2556 tantum
822 2492 995 2556 enim
1058 2492 1249 2578 afuit,
1310 2496 1384 2557 ut
1443 2492 1703 2558 illorum
1762 2493 2084 2577 praesidio

170 2582 470 2644 nostram
529 2580 929 2645 firmaremus
985 2581 1283 2665 classem,
1343 2584 1449 2650 ut,
1480 2582 1674 2646 etiam
1730 2603 1769 2646 a
1812 2581 2083 2647 Rhodiis

177 2667 365 2752 urbe,
407 2672 625 2754 portu,
671 2670 975 2753 statione,
1029 2691 1194 2753 quae
1241 2673 1420 2734 extra
1472 2671 1697 2735 urbem
1741 2674 1857 2755 est,
1915 2691 2084 2736 com·

173 2759 425 2841 meatu,
483 2779 652 2860 aqua
707 2757 979 2841 denique
1034 2755 1528 2843 prohiberentur
1579 2759 1787 2824 nostri
1831 2759 2086 2843 milites,

169 2867 300 2910 nos
354 2846 461 2910 vix
521 2846 646 2931 ipsi
710 2847 982 2932 singulis
1037 2868 1184 2912 cum
1246 2848 1590 2933 navigiolis
1642 2849 2086 2933 reciperemur.

171 2932 389 3010 Quam
449 2934 906 3021 indignitatem
977 2936 1608 3038 deminutionemque
1679 2958 1815 3002 non
1876 2937 2088 3002 solum

172 3023 336 3087 iuris
381 3024 607 3108 nostri,
652 3024 763 3089 sed
809 3025 1003 3090 etiam
1042 3026 1399 3090 maiestatis
1443 3023 1819 3109 imperiique
1862 3023 2088 3109 populi

171 3111 458 3177 Romani
519 3113 754 3179 idcirco
817 3114 1109 3195 tulimus,
1184 3114 1355 3199 quod
1418 3114 1791 3198 interceptis
1852 3113 2087 3179 litteris

153 3205 607 3286 >cognoramus
669 3201 1107 3287 Dolabellam,
1180 3204 1235 3268 si
1298 3203 1699 3286 desperasset
1761 3201 1839 3267 de
1903 3199 2090 3286 Syria

171 3287 625 3375 Aegyptoque,
670 3290 841 3374 quod
866 3303 1144 3356 ‘necesse
1192 3294 1330 3355 erat
1373 3291 1540 3375 fieri,
1583 3292 1655 3354 in
1698 3311 1896 3355 naves
1942 3312 2089 3354 cum

314 3482 422 3553 Ep.
465 3489 546 3553 15,
575 3490 624 3538 2.
699 3485 900 3540 deverti
936 3485 1086 3554 (W.).
1158 3499 1267 3538 rev.
1304 3482 1396 3550 M„
1424 3482 1610 3552 vulgo.
