2338 3691
124 710 151 760 1

193 105 326 172 472
745 107 830 171 Μ.
871 105 1118 160 TULLII
1155 105 1539 163 CICERONIS

1039 353 1266 421 LXIX.

749 465 862 521 Scr.
899 467 1112 522 Romae
1149 485 1198 522 a.
1238 486 1291 521 11.
1331 484 1377 523 0.
1418 474 1536 524 708.

195 591 280 647 Μ.
310 589 570 646 CICERO
609 590 669 644 P.
709 589 1047 645 SERVILIO
1086 590 1469 647 OOLLEGAE
1508 592 1659 648 SAL.
1697 592 2104 650 PLURIMAM.

323 689 391 757 C.
429 688 689 756 Curtius
725 689 996 755 Mithres
1035 693 1134 755 est
1167 691 1277 755 1116
1318 691 1591 793 quidem,
1627 696 1701 756 ut
1737 694 2104 777 8018,111161-

188 783 296 845 tus
341 778 654 864 Postumi,
697 779 1185 844 familiarissimi
1221 780 1365 863 mei,
1413 779 1525 845 sed
1559 801 1662 845 me
1699 782 1856 846 colit
1890 785 1957 846 et
1992 783 2101 847 ob·

192 872 403 934 servat
466 889 665 953 aeque
729 871 920 953 atque
982 868 1166 931 illum
1228 869 1443 952 ipsum
1495 873 1842 952 patronum
1896 892 2100 936 suum.

189 957 384 1042 Apud
438 978 584 1021 eum
638 976 759 1041 ego
816 957 908 1021 sic
950 955 1197 1040 Ephesi
1240 957 1360 1040 fui,
1416 958 1937 1043 quotiescumque
1991 959 2102 1060 fui,

188 1051 522 1131 tamquam
567 1044 743 1110 domi
786 1066 984 1128 meae,
1028 1046 1357 1129 multaque
1404 1046 1795 1130 acciderunt,
1848 1047 1920 1111 in
1966 1048 2101 1132 qui-

190 1137 317 1201 bus
375 1139 441 1199 et
501 1133 1014 1198 benevolentiam
1077 1133 1214 1198 eius
1276 1153 1432 1218 erga
1491 1155 1594 1198 me
1658 1135 1981 1218 experirer
2039 1139 2103 1199 et

188 1224 396 1289 fidem.
484 1221 738 1306 Itaque,
794 1222 850 1286 si
894 1220 1048 1306 quid
1101 1226 1215 1286 aut
1257 1221 1419 1286 mihi
1464 1225 1576 1286 aut
1627 1243 1919 1287 meorum
1973 1224 2101 1288 cui·

188 1314 366 1397 piam
409 1311 479 1375 in
524 1308 686 1375 Asia
731 1331 891 1393 opus
938 1314 1063 1394 est,
1108 1308 1191 1373 ad
1244 1310 1417 1374 hunc
1461 1310 1735 1375 scribere
1782 1312 2101 1395 consuevi,

187 1401 379 1467 huius
426 1421 624 1484 quum
661 1420 856 1482 opera
893 1400 960 1462 et
993 1398 1134 1482 fide,
1178 1401 1319 1465 tum
1357 1399 1545 1463 domo
1593 1402 1659 1462 et
1691 1420 1761 1462 re
1797 1399 1895 1463 uti
1936 1403 2099 1464 tam-

191 1511 383 1574 quam
428 1509 588 1552 mea.
677 1485 856 1551 Haec
902 1487 983 1550 ad
1027 1490 1092 1550 te
1139 1506 1215 1552 60
1259 1486 1550 1570 pluribus
1596 1487 1841 1571 scripsi,
1886 1490 1962 1552 ut
2003 1489 2099 1553 in·

186 1579 511 1663 telligeres
555 1597 659 1640 me
702 1597 839 1640 non
882 1576 925 1655 †
960 1576 1223 1659 vulgare
1276 1596 1396 1640 nec
1450 1575 1814 1658 ambitiose,
1873 1577 1984 1641 sed
2028 1579 2101 1640 ut

188 1688 307 1750 pro
351 1665 613 1731 homine
665 1663 896 1728 intimo
952 1685 1026 1727 ac
1070 1662 1232 1727 mihi
1284 1663 1757 1747 pernecessario
1805 1665 2097 1729 scribere.

188 1754 350 1820 Peto
396 1754 597 1838 igitur
641 1773 681 1816 a
721 1755 806 1836 te,
850 1751 978 1817 ut
959 1774 1029 1815 111
1065 1773 1142 1815 ea
1178 1752 1629 1835 controversia,
1675 1773 1869 1836 quam
1904 1752 2100 1816 habet

192 1842 269 1907 de
320 1841 522 1907 fundo
578 1863 724 1906 cum
787 1839 1065 1924 quodam
1130 1838 1558 1923 Colophonio,
1621 1843 1688 1905 et
1747 1840 1819 1903 in
1872 1840 2096 1907 ceteris

188 1932 398 2014 rebus,
443 1932 756 2013 quantum
799 1928 954 1993 fides
999 1932 1114 2002 tua
1156 1929 1439 2012 patietur
1494 1932 1932 2014 quantumque
1984 1933 2098 1995 tuo

188 2018 524 2086 commodo
559 2015 821 2100 poteria
855 2020 1110 2084 tantum
1147 2017 1207 2081 ei
1242 2016 1506 2081 honoris
1543 2018 1671 2081 mei
1707 2039 1902 2083 causa
1929 2039 2096 2082 com-

189 2108 428 2191 modes,
474 2106 613 2189 etsi,
657 2107 732 2168 ut
776 2104 912 2169 eius
956 2105 1339 2169 modestiam
1385 2106 1674 2190 cognovi,
1719 2106 1935 2189 gravis
1978 2105 2096 2176 tibi

188 2197 368 2261 nulla
409 2195 481 2260 in
524 2216 593 2259 re
639 2192 786 2257 erit:
847 2193 904 2256 81
948 2196 1014 2257 et
1065 2214 1211 2257 mea
1266 2193 1817 2258 commendatione
1871 2197 1940 2258 et
1983 2215 2098 2258 sua

189 2284 509 2369 probitate
565 2283 892 2347 assecutus
948 2281 1094 2362 erit,
1155 2285 1231 2345 ut
1293 2281 1369 2345 de
1415 2302 1483 2345 se
1537 2281 1700 2345 bene
1756 2282 2096 2366 existimeS,

191 2373 409 2436 omnia
453 2393 521 2437 se
566 2371 872 2452 adeptum
917 2330 1350 2434 arbitrabitur.
1432 2368 1523 2434 Ut
1567 2369 1767 2453 igitur
1811 2391 1957 2435 eum
2003 2391 2095 2434 16-

190 2460 390 2543 cipias
452 2460 525 2523 in
576 2459 767 2523 fidem
825 2457 1190 2541 habeasque
1243 2457 1315 2521 in
1366 2479 1633 2523 numero
1686 2461 1968 2540 tuorum,
2030 2459 2096 2521 te

188 2549 597 2613 vehementer
641 2547 836 2611 etiam
883 2549 1074 2629 atque
1127 2545 1324 2609 etiam
1376 2565 1563 2630 rogo:
1611 2565 1759 2630 ego,
1816 2567 1978 2631 quae
2032 2549 2097 2612 te

186 2638 348 2701 velle
385 2656 672 2721 quaeque
709 2633 791 2699 ad
824 2638 891 2698 te
926 2634 1247 2717 pertinere
1288 2633 1665 2718 arbitrabor,
1712 2635 1930 2699 omnia
1966 2638 2096 2699 stu·

189 2726 367 2791 diosc
413 2724 878 2809 diligenterque
925 2722 1179 2786 curabo,

328 2951 431 3021 Ep.
472 2956 634 3018 69,1.
707 2949 929 3018 vulyari
963 2963 1108 3002 more
1142 2963 1240 3002 nec
1276 2947 1461 3015 (Klotz
1434 2951 1519 3017 z.)
1540 2950 1641 3001 aut
1682 2963 1729 3001 v.
1769 2949 2098 3003 commenda·

185 3022 333 3076 tione
376 3037 474 3075 nec
519 2991 652 3089 (W.)
708 3025 808 3074 aut
849 3019 1127 3089 vulqarem
1168 3019 1234 3073 in
1277 3020 1492 3073 modum
1536 3034 1633 3073 nec
1678 3018 1833 3089 (W..)
1930 3024 1985 3073 2
2035 3020 2100 3073 in

184 3091 348 3157 fidem
381 3096 535 3147 tuam
569 3091 619 3146 h
659 3090 802 3161 (L)?
