2338 3691
218 105 343 169 142
779 106 853 161 Μ.
893 104 1144 161 TULLII
1180 103 1562 161 CICERONIS

181 252 542 337 ·valetudo,
595 253 688 334 et,
743 251 798 315 si
853 271 992 315 esse
1045 271 1179 315 una
1231 250 1445 315 minus
1499 249 1882 335 poterimus,
1935 271 2133 333 quam

211 341 529 425 volemus,
583 340 948 404 animorum
989 342 1212 404 tamen
1267 337 1720 404 coniunctione
1776 338 2136 423 iisdemque

213 428 441 582 stgdiis
502 429 598 494 ita
656 428 974 513 fruemur,
1042 430 1119 492 ut
1179 448 1533 512 numquam
1594 448 1732 493 non
1794 448 1927 492 una
1990 447 2134 492 esse

216 540 280 582 w
325 538 562 584 samur.

1081 708 1262 777 XIV.

560 823 673 880 Ser.
711 823 925 879 Romae
959 840 1150 879 mense
1188 823 1349 879 Iunio
1386 839 1437 878 a.
1474 841 1527 878 u.
1566 840 1612 878 c.
1654 830 1771 879 709.

427 947 489 1003 L.
527 946 878 1005 LUCCEIUS
915 946 978 1014 Q.
1015 946 1080 1004 F.
1119 948 1174 1003 S.
1209 946 1277 1003 D.
1315 947 1390 1003 Μ.
1429 946 1697 1004 TULLIO
1732 947 1807 1001 Μ.
1849 946 1913 1003 F.

146 1060 174 1109 1
348 1046 410 1113 S.
437 1047 518 1115 V.
546 1047 621 1114 B.
648 1047 726 1114 E.
752 1047 852 1133 V.,
898 1048 1065 1114 sicut
1101 1049 1298 1134 soleo,
1341 1048 1630 1134 paullulo
1674 1051 1896 1113 tamen
1930 1047 2135 1113 etiam

214 1138 511 1223 deterius,
556 1160 750 1223 quam
787 1138 982 1203 soleo.
1054 1137 1146 1202 Te
1183 1138 1489 1221 requisivi
1526 1137 1797 1222 saepius,
1841 1139 1916 1201 ut
1953 1136 2133 1202 vide-

212 1249 373 1314 rem:
435 1226 680 1293 Romae
736 1227 888 1311 quia
940 1230 1168 1311 postea
1220 1248 1358 1291 non
1408 1226 1591 1291 fuisti
1601 1277 1619 1310 ,
1682 1247 1876 1310 quam
1930 1247 1970 1289 a
2021 1246 2133 1291 me

213 1317 621 1402 discesseras,
673 1316 943 1380 miratus
998 1336 1169 1400 sum3
1234 1314 1406 1399 quod
1460 1314 1631 1379 idem
1683 1336 1858 1379 nunc
1910 1314 2132 1380 miror.

210 1403 365 1472 Non
417 1404 627 1471 habeo
683 1407 956 1488 certum,
1009 1425 1175 1488 quae
1227 1407 1293 1468 te
1347 1425 1451 1468 res
1502 1402 1657 1468 hinc
1710 1403 1984 1468 maxime
2027 1425 2132 1468 re·

210 1493 453 1559 trahat:
501 1494 558 1558 si
601 1493 946 1560 solitudine
993 1492 1326 1577 delectare,
1370 1513 1569 1576 quum
1614 1492 1856 1556 scribas
1902 1495 1969 1555 et
2012 1492 2131 1556 ali-

213 1582 368 1666 q'uid
414 1603 573 1668 agas
620 1603 860 1663 eorum,
905 1603 1179 1665 quorum
1225 1581 1577 1664 consuesti,
1623 1580 1871 1666 gaudeo
1918 1602 2130 1665 neque

212 1670 609 1756 reprehendo
656 1673 842 1734 tuum
896 1670 1263 1753 consilium3
1316 1691 1470 1734 nam
1522 1668 1686 1734 nihil
1738 1669 1865 1733 isto
1911 1673 2126 1753 potest

214 1778 351 1824 esse
393 1757 733 1823 iucundius
778 1779 915 1824 non
957 1759 1149 1824 modo
1195 1759 1445 1823 miseris
1482 1758 1586 1823 his
1625 1758 2026 1842 temporibus
2060 1761 2126 1823 et

211 1848 548 1933 luctuosis,
602 1848 714 1914 sed
768 1848 963 1912 etiam
1004 1849 1373 1934 tranquillis
1419 1851 1485 1912 et
1528 1848 1797 1932 optatiS,
1840 1868 2123 1932 praeser—
2187 1899 2194 1904 .

210 1937 330 2001 tim
381 1938 488 2001 vel
549 1937 766 2002 animo
824 1936 1176 2023 defetigato
1231 1940 1375 2021 tuo,
1440 1936 1549 2019 qui
1611 1957 1787 2001 nunc
1837 1937 2125 2020 requiem

211 2029 480 2110 quaerat
524 2046 603 2089 ex
646 2027 902 2111 magnis
948 2025 1505 2110 occupationibus,
1550 2025 1651 2089 vel
1698 2024 1969 2109 erudito,
2015 2026 2124 2109 qui

212 2135 462 2199 semper
506 2114 749 2199 aliquid
802 2136 880 2179 ex
934 2135 1001 2179 se
1054 2117 1338 2199 promat,
1391 2113 1563 2199 quod
1619 2113 1781 2178 alios
1835 2113 2125 2197 delectet,

126 2220 173 2270 ’2
212 2208 267 2267 te
317 2203 532 2289 ipsum
584 2203 882 2268 laudibus
935 2203 1243 2287 illustret3
1302 2203 1405 2267 sin
1457 2205 1699 2285 autem,
1754 2201 1920 2266 sicut
1969 2201 2125 2267 hinc

212 2291 613 2377 discesseras,
654 2292 935 2357 lacrimis
983 2313 1057 2355 ac
1091 2291 1396 2357 tristitiae
1430 2293 1497 2355 te
1530 2289 1873 2375 tradidisti,
1909 2289 2125 2376 doleo,

212 2381 363 2465 quia
407 2381 585 2446 doles
632 2384 698 2446 et
742 2401 996 2466 angere,
1041 2401 1162 2444 nec
1197 2401 1463 2464 possum
1495 2381 1562 2443 te
1597 2400 1734 2443 non
1762 2413 1847 2426 -—
1877 2378 1933 2443 si
1974 2400 2125 2445 con-

212 2469 401 2554 cedis,
447 2469 620 2554 quod
666 2470 978 2534 sentimus
985 2499 1004 2553 ‚-
1047 2472 1124 2533 ut
1164 2468 1429 2534 liberius
1476 2467 1762 2532 dicamus
1807 2503 1892 2516 --
1940 2489 2126 2533 accu-

212 2579 378 2624 sare.
434 2559 589 2642 quid
635 2557 850 2623 enim?
903 2560 978 2622 tu
1024 2557 1201 2622 solus
1247 2559 1473 2642 aperta
1514 2577 1650 2620 non
1694 2555 1966 2640 videbis,
2014 2557 2124 2658 qui

208 2650 475 2733 propter
520 2667 790 2712 acumen
836 2646 1270 2711 occultissima
1313 2644 1665 2730 perspicis?
1718 2648 1793 2709 tu
1837 2666 1972 2710 non
2027 2646 2125 2709 in-

208 2737 462 2820 telliges
505 2738 573 2799 te
619 2735 894 2819 querelis
939 2733 1332 2819 quotidianis
1376 2733 1541 2798 nihil
1585 2732 1942 2818 proficere?
1988 2754 2127 2799 non
2193 2807 2200 2813 ,

209 2824 533 2910 intelliges
581 2822 894 2908 duplicari
947 2821 1437 2907 sollicitudines,
1489 2843 1650 2924 quas
1706 2823 1953 2886 elevare
2008 2826 2129 2887 tua

137 2931 172 2978 3
210 2916 275 2976 te
337 2846 709 2997 prudentiaP
751 2910 1083 2996 postula-t?
1198 2910 1381 2987 Quod
1455 2911 1511 2975 si
1572 2931 1708 2975 non
1779 2932 2129 2994 possumus

212 2999 455 3082 aliquid
516 2999 824 3084 proficere
879 2999 1237 3084 suadendo,
1290 2998 1503 3084 gratia
1556 2999 2004 3064 contendimus
2059 3003 2129 3064 et

351 3168 457 3238 Ep.
496 3175 589 3236 14,
628 3177 676 3225 1.
758 3188 922 3241 quam
966 3190 1003 3227 a
1046 3189 1128 3227 me
1173 3174 1493 3228 discesseras
1537 3173 1668 3242 (N..)
1752 3189 1916 3242 quam
1961 3190 1999 3226 a
2042 3189 2131 3228 me

212 3239 528 3293 discesserat
561 3239 681 3293 Μ2.
788 3259 918 3297 uam
953 3244 1270 3298 discesserat
1302 3243 1424 3298 Μ1.
1495 3259 1542 3313 q.
1581 3244 1875 3298 decesserat
1909 3243 2021 3310 Or„
2057 3242 2128 3297 Β.

214 3314 263 3361 2.
310 3323 529 3376 anyerc,
565 3324 663 3363 nec
773 3314 825 3377 .).
917 3330 1000 3378 a.;
1033 3329 1148 3368 non
1190 3313 1265 3368 Μ.
1311 3313 1500 3383 vulgo.
1558 3343 1626 3353 -
1674 3329 1789 3368 non
1825 3343 1891 3352 —
1926 3314 2032 3367 si.

213 3377 461 3431 dicamus
494 3406 565 3417 -—
601 3393 712 3432 acc.
750 3380 900 3449 (W.).
989 3399 1127 3450 non,
1161 3384 1215 3438 si
1252 3424 1264 3436 .
1288 3425 1300 3436 .
1323 3385 1447 3450 ..,d
1484 3399 1593 3440 acc.
1632 3384 1821 3452 vulgo.
1901 3389 1954 3438 8.
2007 3399 2134 3439 non

210 3461 497 3514 possumus
533 3447 676 3514 (edd.
712 3450 891 3518 vett).
953 3454 1230 3520 possimus
1263 3453 1395 3509 ΜΒ.
