2338 3691
761 129 1284 185 EPISTOLARUM
1322 122 1449 183 XV.
1492 138 1541 186 4.
1980 134 2102 197 511

183 274 295 339 sed
341 275 454 359 ita,
502 275 557 339 si
605 297 740 340 non
783 275 1069 339 ieiunum
1114 276 1239 341 hoc
1283 276 1504 341 nescio
1552 277 1720 361 quid,
1767 278 1936 361 quod
1983 299 2103 362 ego

183 363 383 448 gessi,
439 365 507 428 et
563 363 1106 428 contemnendum
1159 363 1506 448 videbitur,
1561 365 1671 429 sed
1727 366 1856 429 tale
1913 369 2102 448 atque

180 455 467 536 tantum,
527 454 605 516 ut
647 452 834 516 multi
886 473 1296 536 nequaquam
1340 453 1604 537 paribus
1658 454 1848 517 rebus
1900 453 2102 518 hono-

178 561 282 604 res
313 561 609 605 summos
637 562 677 604 a
704 544 933 605 senatu
970 541 1297 605 consecuti
1334 541 1483 605 sint.
1553 540 1871 624 Equidem
1908 543 2104 606 etiam

177 627 340 692 illud
386 628 555 692 mihi
602 629 889 693 animum
936 629 1288 693 advertisse
1335 629 1558 694 videor
1601 666 1689 675 —-
1735 630 1859 694 scis
1913 631 2104 712 enim,

179 738 377 800 quam
424 720 678 781 attente
724 718 788 780 te
836 717 1055 781 audire
1103 718 1344 782 soleam
1382 753 1486 802 -—-,
1529 721 1595 781 te
1640 739 1777 782 non
1822 721 1956 781 tam
2001 740 2103 781 res

180 808 401 889 gestas
451 827 651 889 quam
697 826 934 890 mores,
988 806 1031 884 †
1075 805 1378 870 instituta
1424 809 1615 889 atque
1661 807 1862 871 vitam
1906 807 2103 889 impe·

179 896 474 958 ratorum
536 896 824 976 spectare
879 894 1081 957 solere
1136 894 1209 958 in
1260 893 1576 958 habendis
1631 897 1746 959 aut
1796 915 1932 959 non
1990 893 2102 958 ha·

178 981 410 1045 bendis
445 981 847 1064 'honoribus3
892 980 1064 1065 quod
1110 982 1164 1046 si
1210 982 1280 1045 in
1326 1003 1469 1046 mea
1514 1003 1708 1046 causa
1744 982 2103 1047 considera-

180 1069 313 1152 bis,
365 1070 650 1153 reperies
706 1091 807 1134 me
864 1070 1140 1134 exercitu
1196 1070 1516 1134 imbecillo
1581 1073 1808 1135 contra
1861 1073 2107 1134 metum

185 1157 450 1222 maximi
478 1157 634 1222 belli
659 1158 1094 1222 firmissimum
1120 1157 1511 1242 praesidium
1553 1157 1856 1224 habuisse
1893 1159 2105 1241 aequi-

187 1248 387 1310 tatem
453 1248 525 1311 et
587 1246 1076 1311 continentiam:
1140 1246 1243 1311 his
1300 1267 1420 1331 ego
1478 1246 1778 1310 subsidiis
1832 1268 1909 1311 ea
1964 1267 2105 1310 sum

187 1336 577 1399 consecutus
586 1384 606 1418 ,
651 1356 814 1418 quae
860 1334 1056 1398 nullis
1100 1334 1465 1420 legionibus
1513 1335 1818 1418 consequi
1862 1334 2105 1419 potuis-

188 1444 351 1506 sem,
414 1425 495 1487 ut
559 1443 636 1486 ex
699 1422 1105 1487 alienissimis
1152 1422 1341 1487 sociis
1388 1422 1834 1507 amicissimos,
1889 1443 1966 1486 ex
2009 1423 2105 1485 in-

187 1510 580 1575 fidelissimis
634 1510 1036 1575 firmissimos
1099 1510 1429 1575 redderem
1489 1511 1864 1594 animosque
1910 1531 2104 1575 nova-

189 1621 331 1662 rum
358 1620 578 1664 rerum
606 1599 1080 1683 exspectatione
1111 1620 1457 1683 suspensos
1487 1600 1566 1663 ad
1595 1600 1826 1664 veteris
1854 1598 2107 1682 imperii

188 1686 711 1752 benevolentiam
763 1687 1181 1752 traducerem.
1273 1685 1398 1752 Sed
1451 1687 1644 1752 nimis
1688 1688 1848 1752 haec
1903 1687 2107 1751 multa

192 1774 267 1838 de
314 1797 439 1859 me,
483 1775 860 1859 praesertim
906 1774 987 1840 ad
1031 1778 1116 1860 10,
1161 1797 1201 1839 0
1237 1796 1364 1860 quo
1403 1796 1533 1840 uno
1575 1775 1862 1840 omnium
1905 1775 2105 1840 socio-

190 1885 334 1927 rum
372 1865 670 1948 querelae
713 1864 1085 1928 audiuntur:
1134 1885 1481 1949 cognosces
1528 1885 1605 1928 ex
1649 1864 1746 1948 iis,
1792 1864 1901 1948 qui
1946 1865 2104 1929 meis

192 1952 510 2016 institutis
557 1973 625 2016 00
672 1955 994 2018 recreatos
1038 1956 1291 2036 putant,
1338 1962 1659 2036 quumque
1706 1974 1929 2018 omnes
1974 1975 2105 2017 uno

191 2061 392 2123 prope
442 2036 756 2104 consensu
803 2040 880 2104 de
925 2061 1027 2104 me
1074 2040 1245 2124 apud
1290 2044 1355 2104 te
1392 2062 1486 2124 ea,
1529 2062 1693 2124 quae
1729 2040 1889 2105 mihi
1926 2044 2105 2124 opta·

192 2127 446 2192 tissima
482 2131 652 2211 sunt,
688 2128 1165 2212 praedicabunt,
1202 2131 1341 2193 tum
1371 2128 1533 2192 duae
1561 2129 1875 2192 maximae
1915 2129 2104 2193 clien-

195 2215 364 2278 telae
417 2217 595 2298 tuae,
639 2213 882 2299 Cyprus
939 2216 1153 2281 insula
1210 2220 1275 2280 et
1319 2214 1760 2299 Cappadociae
1816 2236 2106 2300 regnum,

195 2305 410 2366 tecum
457 2302 535 2366 de
579 2324 681 2366 me
725 2303 1088 2388 loquentur,
1133 2307 1293 2388 puto
1343 2304 1537 2368 etiam
1581 2324 1800 2388 regem
1844 2302 2105 2367 Deiota·

195 2412 358 2474 rum,
405 2390 516 2473 qui
560 2390 673 2454 uni
717 2391 836 2455 tibi
882 2396 980 2457 est
1025 2393 1302 2456 maxime
1347 2392 1762 2456 necessarius.
1837 2389 2011 2493 Quae
2052 2392 2106 2455 si

195 2478 391 2542 etiam
436 2478 682 2543 maiora
718 2483 871 2544 sunt
916 2481 1033 2544 et
1014 2502 1085 2544 111
1123 2480 1421 2545 omnibus
1464 2479 1733 2543 saeculis
1771 2480 2105 2563 pauciores

194 2566 315 2629 viri
378 2567 615 2651 reperti
679 2571 857 2652 sunt,
913 2569 1021 2652 qui
1077 2590 1226 2633 suas
1282 2567 1691 2653 cupiditates,
1746 2589 1940 2651 quam
1995 2568 2105 2651 qui

193 2652 478 2719 hostium
525 2656 742 2739 copias
787 2656 1136 2740 vincerent,
1183 2658 1281 2720 est
1324 2656 1614 2740 profecto
1660 2659 1863 2739 tuum,
1909 2677 2106 2738 quum

195 2741 277 2805 ad
340 2763 442 2807 res
505 2743 767 2808 bellicas
831 2743 1016 2828 haec,
1080 2765 1244 2828 quae
1307 2744 1553 2809 rariora
1616 2748 1682 2808 et
1744 2743 2106 2807 difficiliora

195 2833 373 2914 sunt,
427 2851 664 2916 genera
719 2831 976 2896 virtutis
1030 2832 1422 2916 adiunxeris,
1476 2832 1649 2915 ipsas
1705 2832 1898 2895 0110111
1960 2830 2103 2894 illas

192 2939 294 2982 res
340 2922 557 3004 gestas
601 2919 901 2984 iustiores
948 2941 1085 2985 esse
1133 2923 1198 2985 et
1242 2920 1516 2984 maiores
1561 2923 1806 3003 putare.
1878 2916 2102 2983 Extre-

171 3027 369 3070 ‚mum
421 3007 581 3072 illud
637 3010 762 3091 est,
816 3011 890 3071 ut
944 3008 1128 3091 quasi
1182 3007 1480 3072 diffidens
1544 3006 1868 3092 rogationi
1925 3028 2103 3070 meae

191 3179 434 3314 (W.Ep
472 3185 639 3248 4,14.
711 3183 748 3246 †
784 3179 1041 3235 instituta
1087 3185 1249 3249 atque
1292 3181 1461 3235 vitam
1495 3180 1642 3248 (W.).
1734 3180 1891 3246 11101,
1936 3181 2104 3233 vitam

96 3310 101 3313 v
379 3250 481 3304 aut
531 3250 892 3319 institutaque
944 3255 995 3304 et
1045 3267 1093 3304 v.
1152 3251 1303 3334 (Wm)
1408 3254 1490 3304 15.
1545 3253 1785 3318 putant,
1839 3265 2104 3318 quumque

187 3317 347 3440 (W.
419 3336 483 3391 p.
543 3320 605 3390 Q
642 3321 831 3390 vulgO.
870 3350 937 3360 —
975 3322 1072 3389 qui
1106 3322 1212 3374 wni
1248 3321 1351 3375 tibi
1387 3320 1499 3387 (M,
1537 3319 1743 3388 vulgo).
1860 3321 1924 3372 ui
1958 3334 2104 3373 1111110

222 3391 452 3530 hm).‘1‘
477 3419 544 3431 --
599 3392 854 3447 iustiores
908 3391 1029 3459 (M,
1075 3390 1285 3461 vulgo).
1387 3390 1730 3444 inlustrem&
1845 3405 1960 3456 an.,
2010 3387 2099 3440 W.

2146 1700 2210 1749 15

2146 2928 2209 2979 16
