<?xml version="1.0" encoding="UTF-8"?>
<!DOCTYPE html PUBLIC "-//W3C//DTD XHTML 1.0 Transitional//EN"
    "http://www.w3.org/TR/xhtml1/DTD/xhtml1-transitional.dtd">
<html xmlns="http://www.w3.org/1999/xhtml" xml:lang="en" lang="en">
 <head>
  <title>
</title>
<meta http-equiv="Content-Type" content="text/html;charset=utf-8" />
  <meta name='ocr-system' content='tesseract 3.04.00' />
  <meta name='ocr-capabilities' content='ocr_page ocr_carea ocr_par ocr_line ocrx_word'/>
</head>
<body>
  <div class='ocr_page' id='page_1' title='image "./scriptaquaemans02wesegoog_0331.png"; bbox 0 0 2338 3691; ppageno 0'>
   <div class='ocr_carea' id='block_1_1' title="bbox 764 115 2155 182">
    <p class='ocr_par' dir='ltr' id='par_1_1' title="bbox 764 115 2155 182">
     <span class='ocr_line' id='line_1_1' title="bbox 764 115 2155 182; baseline 0.008 -13"><span class='ocrx_word' id='word_1_1' title='bbox 764 115 1282 171; x_wconf 82' lang='lat' dir='ltr'><strong>EPISTOLARUM</strong></span> <span class='ocrx_word' id='word_1_2' title='bbox 1319 116 1386 170; x_wconf 87' lang='lat' dir='ltr'><strong>x.</strong></span> <span class='ocrx_word' id='word_1_3' title='bbox 1424 123 1506 172; x_wconf 84' lang='lat'><strong>15.</strong></span> <span class='ocrx_word' id='word_1_4' title='bbox 1549 122 1648 172; x_wconf 55' lang='lat'><strong>16:</strong></span> <span class='ocrx_word' id='word_1_5' title='bbox 2025 117 2155 182; x_wconf 87' lang='lat'><strong>315</strong></span> 
     </span>
    </p>
   </div>
   <div class='ocr_carea' id='block_1_2' title="bbox 242 259 2158 612">
    <p class='ocr_par' dir='ltr' id='par_1_2' title="bbox 242 259 2158 612">
     <span class='ocr_line' id='line_1_2' title="bbox 245 259 2157 347; baseline 0.002 -23"><span class='ocrx_word' id='word_1_6' title='bbox 245 260 528 325; x_wconf 85' lang='lat' dir='ltr'><strong>adventu</strong></span> <span class='ocrx_word' id='word_1_7' title='bbox 564 282 785 325; x_wconf 89' lang='lat' dir='ltr'><strong>rursus</strong></span> <span class='ocrx_word' id='word_1_8' title='bbox 820 261 893 324; x_wconf 93' lang='lat' dir='ltr'><strong>in</strong></span> <span class='ocrx_word' id='word_1_9' title='bbox 916 259 1176 325; x_wconf 89' lang='lat' dir='ltr'><strong>Italiam</strong></span> <span class='ocrx_word' id='word_1_10' title='bbox 1213 282 1281 326; x_wconf 91' lang='lat' dir='ltr'><strong>se</strong></span> <span class='ocrx_word' id='word_1_11' title='bbox 1315 262 1598 346; x_wconf 90' lang='lat' dir='ltr'><strong>recipere</strong></span> <span class='ocrx_word' id='word_1_12' title='bbox 1633 262 1931 347; x_wconf 91' lang='lat' dir='ltr'><strong>coeperit,</strong></span> <span class='ocrx_word' id='word_1_13' title='bbox 1967 261 2157 328; x_wconf 90' lang='lat' dir='ltr'><strong>Bruti</strong></span> 
     </span>
     <span class='ocr_line' id='line_1_3' title="bbox 244 348 2158 435; baseline 0.002 -22"><span class='ocrx_word' id='word_1_14' title='bbox 244 349 369 413; x_wconf 91' lang='lat' dir='ltr'><strong>erit</strong></span> <span class='ocrx_word' id='word_1_15' title='bbox 423 348 707 414; x_wconf 82' lang='lat' dir='ltr'><strong>officium</strong></span> <span class='ocrx_word' id='word_1_16' title='bbox 763 370 1093 414; x_wconf 90' lang='lat' dir='ltr'><strong>occurrere</strong></span> <span class='ocrx_word' id='word_1_17' title='bbox 1150 350 1235 435; x_wconf 91' lang='lat' dir='ltr'><strong>ei,</strong></span> <span class='ocrx_word' id='word_1_18' title='bbox 1298 350 1402 415; x_wconf 90' lang='lat' dir='ltr'><strong>cui</strong></span> <span class='ocrx_word' id='word_1_19' title='bbox 1456 351 1588 415; x_wconf 92' lang='lat' dir='ltr'><strong>scio</strong></span> <span class='ocrx_word' id='word_1_20' title='bbox 1641 371 1762 415; x_wconf 91' lang='lat' dir='ltr'><strong>nec</strong></span> <span class='ocrx_word' id='word_1_21' title='bbox 1816 351 2158 416; x_wconf 89' lang='lat' dir='ltr'><strong>consilium</strong></span> 
     </span>
     <span class='ocr_line' id='line_1_4' title="bbox 244 437 2157 524; baseline 0.002 -23"><span class='ocrx_word' id='word_1_22' title='bbox 244 459 366 502; x_wconf 89' lang='lat' dir='ltr'><strong>nec</strong></span> <span class='ocrx_word' id='word_1_23' title='bbox 411 438 700 502; x_wconf 90' lang='lat' dir='ltr'><strong>animum</strong></span> <span class='ocrx_word' id='word_1_24' title='bbox 746 437 1140 522; x_wconf 83' lang='lat' dir='ltr'><strong>defuturum3</strong></span> <span class='ocrx_word' id='word_1_25' title='bbox 1188 460 1309 524; x_wconf 84' lang='lat' dir='ltr'><strong>ego</strong></span> <span class='ocrx_word' id='word_1_26' title='bbox 1354 443 1593 523; x_wconf 91' lang='lat' dir='ltr'><strong>tamen,</strong></span> <span class='ocrx_word' id='word_1_27' title='bbox 1638 439 1693 503; x_wconf 89' lang='lat' dir='ltr'><strong>si</strong></span> <span class='ocrx_word' id='word_1_28' title='bbox 1736 438 1804 504; x_wconf 86' lang='lat' dir='ltr'><strong>id</strong></span> <span class='ocrx_word' id='word_1_29' title='bbox 1839 438 2157 524; x_wconf 87' lang='lat' dir='ltr'><strong>acciderit,</strong></span> 
     </span>
     <span class='ocr_line' id='line_1_5' title="bbox 242 527 2157 612; baseline 0.002 -22"><span class='ocrx_word' id='word_1_30' title='bbox 242 527 512 591; x_wconf 89' lang='lat' dir='ltr'><strong>fratrem</strong></span> <span class='ocrx_word' id='word_1_31' title='bbox 558 547 705 591; x_wconf 92' lang='lat' dir='ltr'><strong>cum</strong></span> <span class='ocrx_word' id='word_1_32' title='bbox 751 527 1042 611; x_wconf 89' lang='lat' dir='ltr'><strong>equitatu</strong></span> <span class='ocrx_word' id='word_1_33' title='bbox 1086 527 1360 612; x_wconf 86' lang='lat' dir='ltr'><strong>mittam,</strong></span> <span class='ocrx_word' id='word_1_34' title='bbox 1406 528 1516 612; x_wconf 91' lang='lat' dir='ltr'><strong>qui</strong></span> <span class='ocrx_word' id='word_1_35' title='bbox 1553 531 1875 612; x_wconf 89' lang='lat' dir='ltr'><strong>sequatur,</strong></span> <span class='ocrx_word' id='word_1_36' title='bbox 1918 530 1995 593; x_wconf 91' lang='lat' dir='ltr'><strong>ut</strong></span> <span class='ocrx_word' id='word_1_37' title='bbox 2025 527 2157 593; x_wconf 90' lang='lat' dir='ltr'><strong>Ita-</strong></span> 
     </span>
    </p>
   </div>
   <div class='ocr_carea' id='block_1_3' title="bbox 242 615 2159 791">
    <p class='ocr_par' dir='ltr' id='par_1_3' title="bbox 242 615 2159 791">
     <span class='ocr_line' id='line_1_6' title="bbox 243 615 2159 701; baseline 0.002 -22"><span class='ocrx_word' id='word_1_38' title='bbox 243 616 399 679; x_wconf 86' lang='lat' dir='ltr'><strong>liam</strong></span> <span class='ocrx_word' id='word_1_39' title='bbox 445 637 484 679; x_wconf 90' lang='lat' dir='ltr'><strong>a</strong></span> <span class='ocrx_word' id='word_1_40' title='bbox 527 616 889 681; x_wconf 80' lang='lat' dir='ltr'><strong>vastatione</strong></span> <span class='ocrx_word' id='word_1_41' title='bbox 935 615 1258 682; x_wconf 88' lang='lat' dir='ltr'><strong>defendat.</strong></span> <span class='ocrx_word' id='word_1_42' title='bbox 1328 615 1461 682; x_wconf 88' lang='lat' dir='ltr'><strong>Fac</strong></span> <span class='ocrx_word' id='word_1_43' title='bbox 1505 618 1720 682; x_wconf 80' lang='lat' dir='ltr'><strong>valeas</strong></span> <span class='ocrx_word' id='word_1_44' title='bbox 1758 638 1985 701; x_wconf 89' lang='lat' dir='ltr'><strong>meque</strong></span> <span class='ocrx_word' id='word_1_45' title='bbox 2020 639 2159 683; x_wconf 91' lang='lat' dir='ltr'><strong>mu·</strong></span> 
     </span>
     <span class='ocr_line' id='line_1_7' title="bbox 242 703 658 791; baseline 0.002 -22"><span class='ocrx_word' id='word_1_46' title='bbox 242 708 360 769; x_wconf 89' lang='lat' dir='ltr'><strong>tuo</strong></span> <span class='ocrx_word' id='word_1_47' title='bbox 408 703 658 791; x_wconf 83' lang='lat' dir='ltr'><strong>diligas.</strong></span> 
     </span>
    </p>
   </div>
   <div class='ocr_carea' id='block_1_4' title="bbox 1116 899 1296 965">
    <p class='ocr_par' dir='ltr' id='par_1_4' title="bbox 1116 899 1296 965">
     <span class='ocr_line' id='line_1_8' title="bbox 1116 899 1296 965; baseline 0 -1"><span class='ocrx_word' id='word_1_48' title='bbox 1116 899 1296 965; x_wconf 90' lang='lat' dir='ltr'><strong>XVI.</strong></span> 
     </span>
    </p>
   </div>
   <div class='ocr_carea' id='block_1_5' title="bbox 375 1010 2025 1082">
    <p class='ocr_par' dir='ltr' id='par_1_5' title="bbox 375 1010 2025 1082">
     <span class='ocr_line' id='line_1_9' title="bbox 375 1010 2025 1082; baseline -0.001 -15"><span class='ocrx_word' id='word_1_49' title='bbox 375 1010 490 1067; x_wconf 74' lang='lat' dir='ltr'><strong>Ser.</strong></span> <span class='ocrx_word' id='word_1_50' title='bbox 528 1012 738 1067; x_wconf 86' lang='lat' dir='ltr'><strong>Romae</strong></span> <span class='ocrx_word' id='word_1_51' title='bbox 775 1028 965 1067; x_wconf 90' lang='lat' dir='ltr'><strong>mense</strong></span> <span class='ocrx_word' id='word_1_52' title='bbox 1001 1012 1162 1067; x_wconf 88' lang='lat' dir='ltr'><strong>Iunio</strong></span> <span class='ocrx_word' id='word_1_53' title='bbox 1202 1011 1349 1079; x_wconf 88' lang='lat' dir='ltr'><strong>(circ.</strong></span> <span class='ocrx_word' id='word_1_54' title='bbox 1387 1011 1601 1082; x_wconf 85' lang='lat' dir='ltr'><strong>Nonas)</strong></span> <span class='ocrx_word' id='word_1_55' title='bbox 1640 1027 1690 1067; x_wconf 84' lang='lat' dir='ltr'><strong>a.</strong></span> <span class='ocrx_word' id='word_1_56' title='bbox 1726 1029 1783 1068; x_wconf 86' lang='lat' dir='ltr'><strong>u.</strong></span> <span class='ocrx_word' id='word_1_57' title='bbox 1819 1028 1866 1067; x_wconf 90' lang='lat' dir='ltr'><strong>c.</strong></span> <span class='ocrx_word' id='word_1_58' title='bbox 1908 1018 2025 1067; x_wconf 77' lang='lat'><strong>711.</strong></span> 
     </span>
    </p>
   </div>
   <div class='ocr_carea' id='block_1_6' title="bbox 247 1134 2238 3185">
    <p class='ocr_par' dir='ltr' id='par_1_6' title="bbox 438 1134 1505 1199">
     <span class='ocr_line' id='line_1_10' title="bbox 438 1134 1505 1199; baseline 0.002 -11"><span class='ocrx_word' id='word_1_59' title='bbox 438 1196 447 1199; x_wconf 48' lang='grc'><strong>,</strong></span> <span class='ocrx_word' id='word_1_60' title='bbox 903 1134 1162 1191; x_wconf 86' lang='lat' dir='ltr'>CICERO</span> <span class='ocrx_word' id='word_1_61' title='bbox 1199 1134 1505 1191; x_wconf 85' lang='lat' dir='ltr'>PLANCO.</span> 
     </span>
    </p>

    <p class='ocr_par' dir='ltr' id='par_1_7' title="bbox 247 1233 2238 3185">
     <span class='ocr_line' id='line_1_11' title="bbox 383 1233 2228 1321; baseline -0.001 -21"><span class='ocrx_word' id='word_1_62' title='bbox 383 1233 565 1300; x_wconf 88' lang='lat' dir='ltr'><strong>Nihil</strong></span> <span class='ocrx_word' id='word_1_63' title='bbox 608 1239 760 1320; x_wconf 89' lang='lat' dir='ltr'><strong>post</strong></span> <span class='ocrx_word' id='word_1_64' title='bbox 802 1235 1140 1302; x_wconf 91' lang='lat' dir='ltr'><strong>hominum</strong></span> <span class='ocrx_word' id='word_1_65' title='bbox 1182 1236 1556 1301; x_wconf 84' lang='lat' dir='ltr'><strong>memoriam</strong></span> <span class='ocrx_word' id='word_1_66' title='bbox 1593 1235 1955 1321; x_wconf 77' lang='lat' dir='ltr'><strong>gloriosiuS,</strong></span> <span class='ocrx_word' id='word_1_67' title='bbox 1998 1234 2164 1300; x_wconf 90' lang='lat' dir='ltr'><strong>nihil</strong></span> <span class='ocrx_word' id='word_1_68' title='bbox 2201 1246 2228 1296; x_wconf 88' lang='lat'><strong>1</strong></span> 
     </span>
     <span class='ocr_line' id='line_1_12' title="bbox 247 1323 2162 1411; baseline 0 -23"><span class='ocrx_word' id='word_1_69' title='bbox 247 1325 520 1411; x_wconf 81' lang='lat' dir='ltr'><strong>gratius,</strong></span> <span class='ocrx_word' id='word_1_70' title='bbox 564 1346 646 1389; x_wconf 91' lang='lat' dir='ltr'><strong>ne</strong></span> <span class='ocrx_word' id='word_1_71' title='bbox 690 1328 982 1409; x_wconf 90' lang='lat' dir='ltr'><strong>tempore</strong></span> <span class='ocrx_word' id='word_1_72' title='bbox 1029 1325 1289 1409; x_wconf 88' lang='lat' dir='ltr'><strong>quidem</strong></span> <span class='ocrx_word' id='word_1_73' title='bbox 1332 1325 1475 1410; x_wconf 89' lang='lat' dir='ltr'><strong>ipso</strong></span> <span class='ocrx_word' id='word_1_74' title='bbox 1530 1324 1957 1408; x_wconf 88' lang='lat' dir='ltr'><strong>opportunius</strong></span> <span class='ocrx_word' id='word_1_75' title='bbox 2002 1323 2162 1388; x_wconf 84' lang='lat' dir='ltr'><strong>acci·</strong></span> 
     </span>
     <span class='ocr_line' id='line_1_13' title="bbox 249 1411 2166 1498; baseline -0.001 -20"><span class='ocrx_word' id='word_1_76' title='bbox 249 1415 402 1479; x_wconf 87' lang='lat' dir='ltr'><strong>dere</strong></span> <span class='ocrx_word' id='word_1_77' title='bbox 444 1413 577 1478; x_wconf 84' lang='lat' dir='ltr'><strong>vidi</strong></span> <span class='ocrx_word' id='word_1_78' title='bbox 621 1435 816 1498; x_wconf 90' lang='lat' dir='ltr'><strong>quam</strong></span> <span class='ocrx_word' id='word_1_79' title='bbox 850 1417 1016 1497; x_wconf 76' lang='lat' dir='ltr'><strong>tuaS,</strong></span> <span class='ocrx_word' id='word_1_80' title='bbox 1059 1412 1317 1498; x_wconf 88' lang='lat' dir='ltr'><strong>Plance,</strong></span> <span class='ocrx_word' id='word_1_81' title='bbox 1359 1414 1636 1497; x_wconf 83' lang='lat' dir='ltr'><strong>litteras3</strong></span> <span class='ocrx_word' id='word_1_82' title='bbox 1678 1411 1966 1477; x_wconf 74' lang='lat' dir='ltr'>redditae</span> <span class='ocrx_word' id='word_1_83' title='bbox 2012 1414 2166 1477; x_wconf 91' lang='lat' dir='ltr'><strong>sunt</strong></span> 
     </span>
     <span class='ocr_line' id='line_1_14' title="bbox 252 1500 2164 1587; baseline -0.001 -19"><span class='ocrx_word' id='word_1_84' title='bbox 252 1501 427 1568; x_wconf 91' lang='lat' dir='ltr'><strong>enim</strong></span> <span class='ocrx_word' id='word_1_85' title='bbox 487 1501 811 1586; x_wconf 72' lang='lat' dir='ltr'><strong>frequenti</strong></span> <span class='ocrx_word' id='word_1_86' title='bbox 875 1505 1103 1567; x_wconf 83' lang='lat' dir='ltr'><strong>senatu</strong></span> <span class='ocrx_word' id='word_1_87' title='bbox 1158 1500 1476 1586; x_wconf 86' lang='lat' dir='ltr'><strong>Cornuto,</strong></span> <span class='ocrx_word' id='word_1_88' title='bbox 1532 1524 1732 1587; x_wconf 91' lang='lat' dir='ltr'><strong>quum</strong></span> <span class='ocrx_word' id='word_1_89' title='bbox 1783 1502 1839 1567; x_wconf 87' lang='lat' dir='ltr'><strong>is</strong></span> <span class='ocrx_word' id='word_1_90' title='bbox 1893 1500 2164 1586; x_wconf 84' lang='lat' dir='ltr'><strong>frigidas</strong></span> 
     </span>
     <span class='ocr_line' id='line_1_15' title="bbox 252 1588 2164 1674; baseline -0.002 -18"><span class='ocrx_word' id='word_1_91' title='bbox 252 1613 410 1656; x_wconf 89' lang='lat' dir='ltr'><strong>sane</strong></span> <span class='ocrx_word' id='word_1_92' title='bbox 456 1594 522 1655; x_wconf 88' lang='lat' dir='ltr'><strong>et</strong></span> <span class='ocrx_word' id='word_1_93' title='bbox 566 1591 1009 1656; x_wconf 68' lang='lat' dir='ltr'><strong>inconstantes</strong></span> <span class='ocrx_word' id='word_1_94' title='bbox 1055 1591 1390 1656; x_wconf 76' lang='lat' dir='ltr'><strong>recitasset</strong></span> <span class='ocrx_word' id='word_1_95' title='bbox 1440 1591 1692 1656; x_wconf 84' lang='lat' dir='ltr'><strong>litteras</strong></span> <span class='ocrx_word' id='word_1_96' title='bbox 1736 1589 1990 1674; x_wconf 83' lang='lat' dir='ltr'><strong>Lepidi3</strong></span> <span class='ocrx_word' id='word_1_97' title='bbox 2045 1588 2164 1654; x_wconf 89' lang='lat' dir='ltr'><strong>sub</strong></span> 
     </span>
     <span class='ocr_line' id='line_1_16' title="bbox 251 1678 2165 1764; baseline -0.002 -19"><span class='ocrx_word' id='word_1_98' title='bbox 251 1702 364 1746; x_wconf 84' lang='lat' dir='ltr'><strong>eas</strong></span> <span class='ocrx_word' id='word_1_99' title='bbox 419 1680 639 1746; x_wconf 88' lang='lat' dir='ltr'><strong>statim</strong></span> <span class='ocrx_word' id='word_1_100' title='bbox 692 1680 999 1744; x_wconf 74' lang='lat' dir='ltr'><strong>recitatae</strong></span> <span class='ocrx_word' id='word_1_101' title='bbox 1054 1683 1209 1745; x_wconf 90' lang='lat' dir='ltr'><strong>sunt</strong></span> <span class='ocrx_word' id='word_1_102' title='bbox 1271 1683 1452 1764; x_wconf 90' lang='lat' dir='ltr'><strong>tuae,</strong></span> <span class='ocrx_word' id='word_1_103' title='bbox 1508 1700 1645 1745; x_wconf 93' lang='lat' dir='ltr'><strong>non</strong></span> <span class='ocrx_word' id='word_1_104' title='bbox 1708 1678 1845 1744; x_wconf 91' lang='lat' dir='ltr'><strong>sine</strong></span> <span class='ocrx_word' id='word_1_105' title='bbox 1909 1678 2165 1763; x_wconf 86' lang='lat' dir='ltr'><strong>magnis</strong></span> 
     </span>
     <span class='ocr_line' id='line_1_17' title="bbox 255 1767 2168 1854; baseline -0.002 -20"><span class='ocrx_word' id='word_1_106' title='bbox 255 1769 512 1854; x_wconf 86' lang='lat' dir='ltr'><strong>quidem</strong></span> <span class='ocrx_word' id='word_1_107' title='bbox 558 1768 972 1853; x_wconf 87' lang='lat' dir='ltr'><strong>clamoribus;</strong></span> <span class='ocrx_word' id='word_1_108' title='bbox 1031 1789 1229 1853; x_wconf 95' lang='lat' dir='ltr'><strong>quum</strong></span> <span class='ocrx_word' id='word_1_109' title='bbox 1283 1769 1474 1834; x_wconf 88' lang='lat' dir='ltr'><strong>rebus</strong></span> <span class='ocrx_word' id='word_1_110' title='bbox 1530 1767 1702 1833; x_wconf 91' lang='lat' dir='ltr'><strong>enim</strong></span> <span class='ocrx_word' id='word_1_111' title='bbox 1744 1767 1904 1853; x_wconf 91' lang='lat' dir='ltr'><strong>ipsis</strong></span> <span class='ocrx_word' id='word_1_112' title='bbox 1949 1769 2168 1832; x_wconf 87' lang='lat' dir='ltr'><strong>essent</strong></span> 
     </span>
     <span class='ocr_line' id='line_1_18' title="bbox 254 1857 2168 1943; baseline -0.002 -20"><span class='ocrx_word' id='word_1_113' title='bbox 254 1862 323 1923; x_wconf 89' lang='lat' dir='ltr'><strong>et</strong></span> <span class='ocrx_word' id='word_1_114' title='bbox 359 1858 586 1923; x_wconf 89' lang='lat' dir='ltr'><strong>studiis</strong></span> <span class='ocrx_word' id='word_1_115' title='bbox 621 1858 1072 1943; x_wconf 88' lang='lat' dir='ltr'><strong>beneficiisque</strong></span> <span class='ocrx_word' id='word_1_116' title='bbox 1107 1858 1178 1923; x_wconf 89' lang='lat' dir='ltr'><strong>in</strong></span> <span class='ocrx_word' id='word_1_117' title='bbox 1213 1881 1349 1923; x_wconf 91' lang='lat' dir='ltr'><strong>rem</strong></span> <span class='ocrx_word' id='word_1_118' title='bbox 1384 1859 1709 1943; x_wconf 88' lang='lat' dir='ltr'><strong>publicam</strong></span> <span class='ocrx_word' id='word_1_119' title='bbox 1745 1857 2168 1943; x_wconf 84' lang='lat' dir='ltr'><strong>gratissimae,</strong></span> 
     </span>
     <span class='ocr_line' id='line_1_19' title="bbox 252 1943 2166 2032; baseline -0.001 -20"><span class='ocrx_word' id='word_1_120' title='bbox 252 1952 397 2013; x_wconf 91' lang='lat' dir='ltr'><strong>tum</strong></span> <span class='ocrx_word' id='word_1_121' title='bbox 440 1950 627 2012; x_wconf 88' lang='lat' dir='ltr'><strong>erant</strong></span> <span class='ocrx_word' id='word_1_122' title='bbox 670 1947 1065 2032; x_wconf 83' lang='lat' dir='ltr'><strong>gravissimis</strong></span> <span class='ocrx_word' id='word_1_123' title='bbox 1119 1947 1332 2012; x_wconf 82' lang='lat' dir='ltr'><strong>verbis</strong></span> <span class='ocrx_word' id='word_1_124' title='bbox 1388 1968 1464 2012; x_wconf 88' lang='lat' dir='ltr'><strong>ac</strong></span> <span class='ocrx_word' id='word_1_125' title='bbox 1509 1946 1863 2012; x_wconf 85' lang='lat' dir='ltr'><strong>sententiis.</strong></span> <span class='ocrx_word' id='word_1_126' title='bbox 1951 1943 2166 2031; x_wconf 81' lang='lat' dir='ltr'><strong>Flagi-</strong></span> 
     </span>
     <span class='ocr_line' id='line_1_20' title="bbox 254 2032 2168 2121; baseline -0.002 -20"><span class='ocrx_word' id='word_1_127' title='bbox 254 2040 395 2101; x_wconf 87' lang='lat' dir='ltr'><strong>tare</strong></span> <span class='ocrx_word' id='word_1_128' title='bbox 457 2039 719 2102; x_wconf 88' lang='lat' dir='ltr'><strong>senatus</strong></span> <span class='ocrx_word' id='word_1_129' title='bbox 772 2036 1014 2101; x_wconf 87' lang='lat' dir='ltr'><strong>institit</strong></span> <span class='ocrx_word' id='word_1_130' title='bbox 1058 2032 1444 2121; x_wconf 85' lang='lat' dir='ltr'><strong>Cornutum,</strong></span> <span class='ocrx_word' id='word_1_131' title='bbox 1501 2039 1578 2101; x_wconf 89' lang='lat' dir='ltr'><strong>ut</strong></span> <span class='ocrx_word' id='word_1_132' title='bbox 1619 2034 1890 2100; x_wconf 86' lang='lat' dir='ltr'><strong>referret</strong></span> <span class='ocrx_word' id='word_1_133' title='bbox 1947 2034 2168 2099; x_wconf 91' lang='lat' dir='ltr'><strong>statim</strong></span> 
     </span>
     <span class='ocr_line' id='line_1_21' title="bbox 255 2121 2168 2209; baseline -0.003 -19"><span class='ocrx_word' id='word_1_134' title='bbox 255 2126 338 2190; x_wconf 87' lang='lat' dir='ltr'><strong>de</strong></span> <span class='ocrx_word' id='word_1_135' title='bbox 383 2125 512 2189; x_wconf 88' lang='lat' dir='ltr'><strong>tuis</strong></span> <span class='ocrx_word' id='word_1_136' title='bbox 558 2125 821 2209; x_wconf 84' lang='lat' dir='ltr'><strong>litteris;</strong></span> <span class='ocrx_word' id='word_1_137' title='bbox 863 2124 973 2189; x_wconf 89' lang='lat' dir='ltr'><strong>ille</strong></span> <span class='ocrx_word' id='word_1_138' title='bbox 1021 2146 1088 2190; x_wconf 91' lang='lat' dir='ltr'><strong>se</strong></span> <span class='ocrx_word' id='word_1_139' title='bbox 1132 2124 1536 2190; x_wconf 88' lang='lat' dir='ltr'><strong>considerare</strong></span> <span class='ocrx_word' id='word_1_140' title='bbox 1582 2124 1762 2189; x_wconf 83' lang='lat' dir='ltr'><strong>velle.</strong></span> <span class='ocrx_word' id='word_1_141' title='bbox 1852 2121 2065 2200; x_wconf 86' lang='lat' dir='ltr'><strong>Quum</strong></span> <span class='ocrx_word' id='word_1_142' title='bbox 2109 2122 2168 2185; x_wconf 93' lang='lat' dir='ltr'><strong>ei</strong></span> 
     </span>
     <span class='ocr_line' id='line_1_22' title="bbox 254 2212 2167 2299; baseline -0.002 -21"><span class='ocrx_word' id='word_1_143' title='bbox 254 2234 570 2299; x_wconf 83' lang='lat' dir='ltr'><strong>magnum</strong></span> <span class='ocrx_word' id='word_1_144' title='bbox 615 2214 975 2278; x_wconf 84' lang='lat' dir='ltr'><strong>convicium</strong></span> <span class='ocrx_word' id='word_1_145' title='bbox 1019 2212 1204 2278; x_wconf 91' lang='lat' dir='ltr'><strong>fieret</strong></span> <span class='ocrx_word' id='word_1_146' title='bbox 1246 2216 1478 2279; x_wconf 90' lang='lat' dir='ltr'><strong>cuncto</strong></span> <span class='ocrx_word' id='word_1_147' title='bbox 1516 2236 1556 2277; x_wconf 86' lang='lat' dir='ltr'><strong>a</strong></span> <span class='ocrx_word' id='word_1_148' title='bbox 1594 2215 1841 2295; x_wconf 88' lang='lat' dir='ltr'><strong>senatu,</strong></span> <span class='ocrx_word' id='word_1_149' title='bbox 1886 2212 2167 2295; x_wconf 91' lang='lat' dir='ltr'><strong>quinque</strong></span> 
     </span>
     <span class='ocr_line' id='line_1_23' title="bbox 254 2299 2168 2387; baseline -0.002 -21"><span class='ocrx_word' id='word_1_150' title='bbox 254 2302 505 2367; x_wconf 87' lang='lat' dir='ltr'><strong>tribuni</strong></span> <span class='ocrx_word' id='word_1_151' title='bbox 565 2303 740 2387; x_wconf 88' lang='lat' dir='ltr'><strong>plebi</strong></span> <span class='ocrx_word' id='word_1_152' title='bbox 801 2302 1205 2366; x_wconf 85' lang='lat' dir='ltr'><strong>rettulerunt.</strong></span> <span class='ocrx_word' id='word_1_153' title='bbox 1324 2299 1629 2367; x_wconf 85' lang='lat' dir='ltr'><strong>Servilius</strong></span> <span class='ocrx_word' id='word_1_154' title='bbox 1690 2303 1958 2386; x_wconf 84' lang='lat' dir='ltr'><strong>rogatus</strong></span> <span class='ocrx_word' id='word_1_155' title='bbox 2031 2321 2168 2363; x_wconf 94' lang='lat' dir='ltr'><strong>rem</strong></span> 
     </span>
     <span class='ocr_line' id='line_1_24' title="bbox 257 2387 2170 2476; baseline -0.003 -20"><span class='ocrx_word' id='word_1_156' title='bbox 257 2391 535 2474; x_wconf 82' lang='lat' dir='ltr'><strong>distulit3</strong></span> <span class='ocrx_word' id='word_1_157' title='bbox 579 2411 701 2476; x_wconf 84' lang='lat' dir='ltr'><strong>ego</strong></span> <span class='ocrx_word' id='word_1_158' title='bbox 747 2412 892 2455; x_wconf 90' lang='lat' dir='ltr'><strong>eam</strong></span> <span class='ocrx_word' id='word_1_159' title='bbox 937 2390 1326 2456; x_wconf 89' lang='lat' dir='ltr'><strong>sententiam</strong></span> <span class='ocrx_word' id='word_1_160' title='bbox 1371 2389 1532 2474; x_wconf 85' lang='lat' dir='ltr'><strong>dixi,</strong></span> <span class='ocrx_word' id='word_1_161' title='bbox 1577 2389 1681 2456; x_wconf 89' lang='lat' dir='ltr'><strong>cui</strong></span> <span class='ocrx_word' id='word_1_162' title='bbox 1726 2392 1880 2455; x_wconf 88' lang='lat' dir='ltr'><strong>sunt</strong></span> <span class='ocrx_word' id='word_1_163' title='bbox 1923 2387 2170 2454; x_wconf 83' lang='lat' dir='ltr'><strong>assensi</strong></span> 
     </span>
     <span class='ocr_line' id='line_1_25' title="bbox 253 2478 2169 2563; baseline 0.001 -23"><span class='ocrx_word' id='word_1_164' title='bbox 253 2495 466 2541; x_wconf 75' lang='lat' dir='ltr'><strong>omnes</strong></span> <span class='ocrx_word' id='word_1_165' title='bbox 537 2479 619 2543; x_wconf 91' lang='lat' dir='ltr'><strong>ad</strong></span> <span class='ocrx_word' id='word_1_166' title='bbox 673 2501 901 2544; x_wconf 85' lang='lat' dir='ltr'><strong>unum:</strong></span> <span class='ocrx_word' id='word_1_167' title='bbox 956 2501 1033 2544; x_wconf 91' lang='lat' dir='ltr'><strong>ea</strong></span> <span class='ocrx_word' id='word_1_168' title='bbox 1077 2500 1241 2563; x_wconf 91' lang='lat' dir='ltr'><strong>quae</strong></span> <span class='ocrx_word' id='word_1_169' title='bbox 1294 2478 1518 2563; x_wconf 85' lang='lat' dir='ltr'><strong>fuerit,</strong></span> <span class='ocrx_word' id='word_1_170' title='bbox 1569 2500 1647 2543; x_wconf 87' lang='lat' dir='ltr'><strong>ex</strong></span> <span class='ocrx_word' id='word_1_171' title='bbox 1702 2481 1964 2543; x_wconf 82' lang='lat' dir='ltr'><strong>senatus</strong></span> <span class='ocrx_word' id='word_1_172' title='bbox 2019 2498 2169 2542; x_wconf 90' lang='lat' dir='ltr'><strong>con-</strong></span> 
     </span>
     <span class='ocr_line' id='line_1_26' title="bbox 256 2566 2238 2652; baseline -0.003 -20"><span class='ocrx_word' id='word_1_173' title='bbox 256 2568 431 2633; x_wconf 85' lang='lat' dir='ltr'><strong>sulto</strong></span> <span class='ocrx_word' id='word_1_174' title='bbox 478 2587 845 2652; x_wconf 86' lang='lat' dir='ltr'><strong>cognosces.</strong></span> <span class='ocrx_word' id='word_1_175' title='bbox 925 2566 1043 2652; x_wconf 86' lang='lat' dir='ltr'><strong>Tu,</strong></span> <span class='ocrx_word' id='word_1_176' title='bbox 1088 2588 1478 2651; x_wconf 91' lang='lat' dir='ltr'><strong>quamquam</strong></span> <span class='ocrx_word' id='word_1_177' title='bbox 1524 2567 1792 2633; x_wconf 88' lang='lat' dir='ltr'><strong>consilio</strong></span> <span class='ocrx_word' id='word_1_178' title='bbox 1836 2588 1974 2632; x_wconf 90' lang='lat' dir='ltr'><strong>non</strong></span> <span class='ocrx_word' id='word_1_179' title='bbox 2019 2586 2169 2650; x_wconf 84' lang='lat' dir='ltr'><strong>eges</strong></span> <span class='ocrx_word' id='word_1_180' title='bbox 2206 2577 2238 2625; x_wconf 74' lang='lat'>2</span> 
     </span>
     <span class='ocr_line' id='line_1_27' title="bbox 263 2653 2171 2741; baseline -0.002 -21"><span class='ocrx_word' id='word_1_181' title='bbox 263 2657 363 2720; x_wconf 80' lang='lat' dir='ltr'><strong>vel</strong></span> <span class='ocrx_word' id='word_1_182' title='bbox 406 2655 699 2721; x_wconf 85' lang='lat' dir='ltr'><strong>abundas</strong></span> <span class='ocrx_word' id='word_1_183' title='bbox 750 2656 968 2741; x_wconf 88' lang='lat' dir='ltr'><strong>potius</strong></span> <span class='ocrx_word' id='word_1_184' title='bbox 976 2706 994 2741; x_wconf 93' lang='lat'><strong>,</strong></span> <span class='ocrx_word' id='word_1_185' title='bbox 1045 2661 1268 2721; x_wconf 89' lang='lat' dir='ltr'><strong>tamen</strong></span> <span class='ocrx_word' id='word_1_186' title='bbox 1320 2655 1445 2721; x_wconf 92' lang='lat' dir='ltr'><strong>hoc</strong></span> <span class='ocrx_word' id='word_1_187' title='bbox 1498 2656 1716 2721; x_wconf 90' lang='lat' dir='ltr'><strong>animo</strong></span> <span class='ocrx_word' id='word_1_188' title='bbox 1775 2676 1913 2720; x_wconf 91' lang='lat' dir='ltr'><strong>esse</strong></span> <span class='ocrx_word' id='word_1_189' title='bbox 1960 2653 2171 2737; x_wconf 88' lang='lat' dir='ltr'><strong>debes,</strong></span> 
     </span>
     <span class='ocr_line' id='line_1_28' title="bbox 262 2742 2171 2811; baseline -0.001 -3"><span class='ocrx_word' id='word_1_190' title='bbox 262 2749 334 2809; x_wconf 90' lang='lat' dir='ltr'><strong>ut</strong></span> <span class='ocrx_word' id='word_1_191' title='bbox 368 2745 533 2809; x_wconf 91' lang='lat' dir='ltr'><strong>nihil</strong></span> <span class='ocrx_word' id='word_1_192' title='bbox 566 2744 695 2810; x_wconf 91' lang='lat' dir='ltr'><strong>huc</strong></span> <span class='ocrx_word' id='word_1_193' title='bbox 728 2745 977 2810; x_wconf 88' lang='lat' dir='ltr'><strong>reiicias</strong></span> <span class='ocrx_word' id='word_1_194' title='bbox 1013 2766 1175 2810; x_wconf 83' lang='lat' dir='ltr'><strong>neve</strong></span> <span class='ocrx_word' id='word_1_195' title='bbox 1211 2746 1284 2809; x_wconf 93' lang='lat' dir='ltr'><strong>in</strong></span> <span class='ocrx_word' id='word_1_196' title='bbox 1316 2745 1508 2811; x_wconf 87' lang='lat' dir='ltr'><strong>rebus</strong></span> <span class='ocrx_word' id='word_1_197' title='bbox 1550 2748 1690 2810; x_wconf 89' lang='lat' dir='ltr'><strong>tam</strong></span> <span class='ocrx_word' id='word_1_198' title='bbox 1735 2742 1964 2809; x_wconf 90' lang='lat' dir='ltr'><strong>subitis</strong></span> <span class='ocrx_word' id='word_1_199' title='bbox 2008 2745 2171 2806; x_wconf 90' lang='lat' dir='ltr'><strong>tam-</strong></span> 
     </span>
     <span class='ocr_line' id='line_1_29' title="bbox 256 2831 2174 2920; baseline -0.003 -22"><span class='ocrx_word' id='word_1_200' title='bbox 256 2854 382 2917; x_wconf 91' lang='lat' dir='ltr'><strong>que</strong></span> <span class='ocrx_word' id='word_1_201' title='bbox 438 2834 733 2920; x_wconf 82' lang='lat' dir='ltr'><strong>angustis</strong></span> <span class='ocrx_word' id='word_1_202' title='bbox 789 2856 828 2899; x_wconf 89' lang='lat' dir='ltr'><strong>a</strong></span> <span class='ocrx_word' id='word_1_203' title='bbox 882 2835 1110 2899; x_wconf 87' lang='lat' dir='ltr'><strong>senatu</strong></span> <span class='ocrx_word' id='word_1_204' title='bbox 1174 2833 1512 2899; x_wconf 90' lang='lat' dir='ltr'><strong>consilium</strong></span> <span class='ocrx_word' id='word_1_205' title='bbox 1565 2831 1915 2918; x_wconf 88' lang='lat' dir='ltr'><strong>petendum</strong></span> <span class='ocrx_word' id='word_1_206' title='bbox 1966 2832 2174 2915; x_wconf 76' lang='lat' dir='ltr'><strong>putee,</strong></span> 
     </span>
     <span class='ocr_line' id='line_1_30' title="bbox 257 2917 2171 3006; baseline -0.002 -22"><span class='ocrx_word' id='word_1_207' title='bbox 257 2922 397 3006; x_wconf 89' lang='lat' dir='ltr'><strong>ipse</strong></span> <span class='ocrx_word' id='word_1_208' title='bbox 441 2921 563 2987; x_wconf 88' lang='lat' dir='ltr'><strong>tibi</strong></span> <span class='ocrx_word' id='word_1_209' title='bbox 610 2922 697 2987; x_wconf 91' lang='lat' dir='ltr'><strong>sis</strong></span> <span class='ocrx_word' id='word_1_210' title='bbox 743 2926 1024 3006; x_wconf 79' lang='lat' dir='ltr'><strong>senatuS,</strong></span> <span class='ocrx_word' id='word_1_211' title='bbox 1069 2943 1471 3006; x_wconf 88' lang='lat' dir='ltr'><strong>quocumque</strong></span> <span class='ocrx_word' id='word_1_212' title='bbox 1512 2924 1580 2986; x_wconf 92' lang='lat' dir='ltr'><strong>te</strong></span> <span class='ocrx_word' id='word_1_213' title='bbox 1623 2920 1790 2986; x_wconf 89' lang='lat' dir='ltr'><strong>ratio</strong></span> <span class='ocrx_word' id='word_1_214' title='bbox 1827 2921 1921 2984; x_wconf 92' lang='lat' dir='ltr'><strong>rei</strong></span> <span class='ocrx_word' id='word_1_215' title='bbox 1964 2917 2171 3003; x_wconf 88' lang='lat' dir='ltr'><strong>publi-</strong></span> 
     </span>
     <span class='ocr_line' id='line_1_31' title="bbox 259 3005 2173 3095; baseline -0.002 -21"><span class='ocrx_word' id='word_1_216' title='bbox 259 3031 371 3076; x_wconf 91' lang='lat' dir='ltr'><strong>cae</strong></span> <span class='ocrx_word' id='word_1_217' title='bbox 417 3011 626 3094; x_wconf 87' lang='lat' dir='ltr'><strong>ducet,</strong></span> <span class='ocrx_word' id='word_1_218' title='bbox 671 3031 957 3094; x_wconf 89' lang='lat' dir='ltr'><strong>sequare,</strong></span> <span class='ocrx_word' id='word_1_219' title='bbox 1001 3031 1203 3095; x_wconf 89' lang='lat' dir='ltr'><strong>cures,</strong></span> <span class='ocrx_word' id='word_1_220' title='bbox 1246 3013 1323 3076; x_wconf 88' lang='lat' dir='ltr'><strong>ut</strong></span> <span class='ocrx_word' id='word_1_221' title='bbox 1367 3014 1518 3076; x_wconf 89' lang='lat' dir='ltr'><strong>ante</strong></span> <span class='ocrx_word' id='word_1_222' title='bbox 1562 3009 1809 3074; x_wconf 84' lang='lat' dir='ltr'><strong>factum</strong></span> <span class='ocrx_word' id='word_1_223' title='bbox 1855 3005 2097 3092; x_wconf 88' lang='lat' dir='ltr'><strong>aliquid</strong></span> <span class='ocrx_word' id='word_1_224' title='bbox 2133 3027 2173 3071; x_wconf 85' lang='lat' dir='ltr'><strong>a</strong></span> 
     </span>
     <span class='ocr_line' id='line_1_32' title="bbox 258 3096 2172 3185; baseline -0.003 -21"><span class='ocrx_word' id='word_1_225' title='bbox 258 3102 324 3164; x_wconf 89' lang='lat' dir='ltr'><strong>te</strong></span> <span class='ocrx_word' id='word_1_226' title='bbox 376 3099 712 3185; x_wconf 82' lang='lat' dir='ltr'><strong>egregium</strong></span> <span class='ocrx_word' id='word_1_227' title='bbox 774 3099 1135 3183; x_wconf 86' lang='lat' dir='ltr'><strong>audiamus,</strong></span> <span class='ocrx_word' id='word_1_228' title='bbox 1198 3120 1393 3185; x_wconf 88' lang='lat' dir='ltr'><strong>quam</strong></span> <span class='ocrx_word' id='word_1_229' title='bbox 1443 3099 1735 3164; x_wconf 85' lang='lat' dir='ltr'><strong>futurum</strong></span> <span class='ocrx_word' id='word_1_230' title='bbox 1795 3096 2172 3182; x_wconf 88' lang='lat' dir='ltr'><strong>putarimus.</strong></span> 
     </span>
    </p>
   </div>
   <div class='ocr_carea' id='block_1_7' title="bbox 262 3320 2172 3537">
    <p class='ocr_par' dir='ltr' id='par_1_8' title="bbox 262 3320 2172 3537">
     <span class='ocr_line' id='line_1_33' title="bbox 399 3320 2172 3397; baseline -0.005 -16"><span class='ocrx_word' id='word_1_231' title='bbox 399 3325 503 3397; x_wconf 85' lang='lat' dir='ltr'><strong>Ep.</strong></span> <span class='ocrx_word' id='word_1_232' title='bbox 538 3332 620 3395; x_wconf 78' lang='lat'><strong>15,</strong></span> <span class='ocrx_word' id='word_1_233' title='bbox 648 3332 700 3381; x_wconf 83' lang='lat'><strong>4.</strong></span> <span class='ocrx_word' id='word_1_234' title='bbox 753 3332 1030 3397; x_wconf 75' lang='lat' dir='ltr'><strong>sequatur,</strong></span> <span class='ocrx_word' id='word_1_235' title='bbox 1055 3332 1122 3382; x_wconf 78' lang='lat' dir='ltr'><strong>ut</strong></span> <span class='ocrx_word' id='word_1_236' title='bbox 1148 3327 1227 3381; x_wconf 83' lang='lat' dir='ltr'><strong>It.</strong></span> <span class='ocrx_word' id='word_1_237' title='bbox 1267 3326 1417 3393; x_wconf 71' lang='lat' dir='ltr'><strong>(W.).</strong></span> <span class='ocrx_word' id='word_1_238' title='bbox 1488 3340 1551 3391; x_wconf 70' lang='lat' dir='ltr'><strong>a,</strong></span> <span class='ocrx_word' id='word_1_239' title='bbox 1588 3324 1666 3379; x_wconf 83' lang='lat' dir='ltr'><strong>It.</strong></span> <span class='ocrx_word' id='word_1_240' title='bbox 1703 3324 1797 3392; x_wconf 68' lang='lat' dir='ltr'><strong>M„</strong></span> <span class='ocrx_word' id='word_1_241' title='bbox 1815 3323 2004 3392; x_wconf 82' lang='lat' dir='ltr'><strong>vulgo.</strong></span> <span class='ocrx_word' id='word_1_242' title='bbox 2067 3320 2172 3388; x_wconf 86' lang='lat' dir='ltr'><strong>Ep.</strong></span> 
     </span>
     <span class='ocr_line' id='line_1_34' title="bbox 265 3390 2172 3465; baseline -0.006 -12"><span class='ocrx_word' id='word_1_243' title='bbox 265 3402 346 3465; x_wconf 83' lang='grc'><strong>16,</strong></span> <span class='ocrx_word' id='word_1_244' title='bbox 387 3403 434 3452; x_wconf 89' lang='grc'><strong>1.</strong></span> <span class='ocrx_word' id='word_1_245' title='bbox 507 3398 718 3455; x_wconf 71' lang='lat' dir='ltr'><strong>assensi</strong></span> <span class='ocrx_word' id='word_1_246' title='bbox 760 3413 940 3455; x_wconf 74' lang='lat' dir='ltr'><strong>omnes</strong></span> <span class='ocrx_word' id='word_1_247' title='bbox 983 3399 1059 3454; x_wconf 84' lang='lat' dir='ltr'><strong>ad</strong></span> <span class='ocrx_word' id='word_1_248' title='bbox 1101 3414 1277 3453; x_wconf 81' lang='lat' dir='ltr'><strong>wnum</strong></span> <span class='ocrx_word' id='word_1_249' title='bbox 1324 3396 1472 3465; x_wconf 88' lang='lat' dir='ltr'><strong>(W.).</strong></span> <span class='ocrx_word' id='word_1_250' title='bbox 1554 3412 1606 3449; x_wconf 86' lang='lat' dir='ltr'><strong>a.</strong></span> <span class='ocrx_word' id='word_1_251' title='bbox 1643 3396 1719 3449; x_wconf 83' lang='lat' dir='ltr'><strong>ad</strong></span> <span class='ocrx_word' id='word_1_252' title='bbox 1753 3411 1808 3448; x_wconf 79' lang='lat' dir='ltr'><strong>u.</strong></span> <span class='ocrx_word' id='word_1_253' title='bbox 1852 3394 1946 3458; x_wconf 67' lang='lat' dir='ltr'><strong>M„</strong></span> <span class='ocrx_word' id='word_1_254' title='bbox 1984 3390 2172 3458; x_wconf 83' lang='lat' dir='ltr'><strong>vulgo.</strong></span> 
     </span>
     <span class='ocr_line' id='line_1_35' title="bbox 262 3462 2035 3537; baseline -0.005 -16"><span class='ocrx_word' id='word_1_255' title='bbox 262 3472 313 3522; x_wconf 80' lang='lat'><strong>2.</strong></span> <span class='ocrx_word' id='word_1_256' title='bbox 365 3469 572 3536; x_wconf 75' lang='lat' dir='ltr'><strong>factum</strong></span> <span class='ocrx_word' id='word_1_257' title='bbox 611 3469 827 3536; x_wconf 75' lang='lat' dir='ltr'><strong>aliquid</strong></span> <span class='ocrx_word' id='word_1_258' title='bbox 865 3471 917 3537; x_wconf 89' lang='lat'><strong>(5</strong></span> <span class='ocrx_word' id='word_1_259' title='bbox 954 3469 1079 3531; x_wconf 83' lang='lat' dir='ltr'><strong>cdd.</strong></span> <span class='ocrx_word' id='word_1_260' title='bbox 1115 3468 1304 3535; x_wconf 68' lang='lat' dir='ltr'><strong>Man).</strong></span> <span class='ocrx_word' id='word_1_261' title='bbox 1379 3467 1424 3532; x_wconf 78' lang='lat' dir='ltr'><strong>f.-</strong></span> <span class='ocrx_word' id='word_1_262' title='bbox 1459 3466 1684 3534; x_wconf 76' lang='lat' dir='ltr'><strong>aliquod</strong></span> <span class='ocrx_word' id='word_1_263' title='bbox 1717 3465 1810 3531; x_wconf 68' lang='lat' dir='ltr'><strong>M„</strong></span> <span class='ocrx_word' id='word_1_264' title='bbox 1846 3462 2035 3530; x_wconf 86' lang='lat' dir='ltr'><strong>vulgo.</strong></span> 
     </span>
    </p>
   </div>
  </div>
 </body>
</html>
