2338 3691
243 127 375 192 608
807 126 881 180 M.
921 127 1166 183 TULLII
1203 126 1583 182 CICERONIS

243 292 593 353 eusseram,
647 271 908 335 mirifice
963 272 1122 336 mihi
1178 275 1243 335 et
1294 294 1409 355 per
1464 293 1531 336 se
1587 275 1652 335 et
1708 293 1831 356 per
1887 269 2142 352 Pompo·

242 361 425 424 nium
486 359 815 424 blanditur
878 358 1157 443 Appius3
1229 359 1405 424 videt
1468 359 1667 443 enim,
1729 360 1863 424 hoc
1929 379 2141 444 genere

245 448 497 513 dicendi
541 448 596 512 si
640 449 788 511 utar
828 448 901 511 in
955 448 1210 531 ceteriS‚
1254 446 1677 512 Februarium
1720 448 2012 512 sterilem
2059 445 2143 509 fu-

240 541 476 601 turum.
583 535 878 620 Eumque
939 535 1068 601 lusi
1128 537 1345 601 iocoso
1412 537 1569 600 satis
1580 587 1598 619 ,
1672 557 1890 620 neque
1957 535 2143 599 solum

242 624 401 688 illud
473 624 712 689 extorsi
784 625 1193 708 oppidulum,
1273 624 1446 708 quod
1516 627 1656 689 erat
1725 625 2021 708 positum
2084 622 2143 683 in

242 712 564 795 Euphrati
608 711 984 797 Zeugmate,
1030 713 1139 777 sed
1185 716 1515 796 praeterea
1559 716 1785 797 togam
1836 733 1981 777 sum
2026 709 2140 773 eius

243 803 672 884 praetextam,
744 823 938 884 quam
1000 804 1138 865 erat
1201 801 1471 885 adeptus
1536 798 1812 865 Caesare
1882 798 2141 879 consule,

190 911 218 952 s
245 910 483 974 magno
527 888 864 953 hominum
909 890 1042 953 risu
1099 889 1452 954 cavillatus
1540 888 1762 972 „Quod
1814 885 2012 971 vult“,
2060 887 2141 949 in·

244 999 456 1061 quam,
497 978 831 1062 „renovari
875 978 1155 1042 honores
1193 977 1468 1061 eosdem,
1513 998 1640 1061 quo
1676 978 1900 1041 minus
1938 979 2141 1059 togam
2265 1053 2266 1056 Ἴ

242 1069 641 1150 praetextam
679 1066 1025 1149 quotannis
1060 1066 1425 1149 interpolet,
1471 1065 1954 1130 decernendum
1998 1061 2138 1127 nihil
2265 1129 2266 1148 χ

245 1176 500 1238 cense03
562 1176 677 1219 vos
741 1157 984 1238 autem,
1044 1153 1340 1219 homines
1398 1153 1675 1237 nobiles,
1729 1155 1844 1237 qui
1901 1152 2136 1216 Bostre-

243 1265 401 1308 num
443 1246 916 1328 praetextatum
961 1264 1097 1306 non
1140 1242 1463 1325 ferebatis,
1508 1239 2022 1327 Commagenum
2060 1238 2137 1338 fe?
2265 1309 2266 1314 η

243 1330 481 1396 retis?“
568 1330 784 1395 Genus
829 1331 1006 1394 vides
1053 1335 1119 1395 et
1161 1332 1377 1395 locum
1420 1330 1692 1395 iocandi.
1765 1330 1981 1395 Multa
2024 1327 2132 1391 dim

241 1421 312 1484 in
355 1420 709 1505 ignobilem
743 1440 979 1505 regem,
1025 1419 1257 1503 quibus
1295 1422 1471 1483 totus
1510 1422 1609 1483 est
1645 1420 1982 1502 explosus;
2026 1435 2132 1499 quo

243 1529 476 1593 genere
523 1511 908 1591 commotus,
960 1510 1036 1571 ut
1080 1507 1237 1591 dixi,
1290 1506 1543 1591 Appius
1597 1510 1808 1571 totum
1868 1527 1969 1571 me
2022 1525 2131 1568 am·

240 1598 562 1680 plexatur3
607 1597 770 1660 nihil
808 1599 906 1660 est
940 1595 1113 1660 enim
1149 1595 1403 1660 facilius
1440 1617 1634 1679 quam
1670 1596 1923 1680 reliqua
1951 1594 2131 1658 discu-

240 1689 405 1768 tere3
461 1686 573 1750 sed
623 1706 759 1749 non
812 1683 1075 1768 faciam,
1127 1687 1205 1748 ut
1255 1683 1439 1749 illum
1497 1684 1846 1769 offendam,
1902 1704 1984 1749 ne
2033 1682 2127 1744 im-

240 1775 453 1857 ploret
489 1774 682 1838 fidem
724 1772 898 1837 Iovis
943 1770 1329 1856 HospitaIiS,
1373 1770 1601 1837 Graios
1648 1794 1875 1837 omnes
1923 1789 2127 1836 convo·

185 1884 217 1924 4
244 1866 362 1945 cet,
397 1883 513 1945 per
550 1883 712 1945 quos
748 1883 998 1925 mecum
1033 1862 1104 1924 in
1145 1862 1422 1946 gratiam
1449 1861 1655 1926 rediit.
1728 1861 2126 1947 Theopompo

242 1950 728 2014 satisfaciemus.
817 1947 916 2013 De
964 1947 1236 2014 Caesare
1288 1949 1550 2034 fugerat
1601 1971 1703 2014 me
1760 1950 1840 2014 ad
1890 1954 1954 2015 te
2000 1944 2125 2010 scri-

240 2038 415 2122 bere,
467 2037 652 2101 video
701 2037 896 2119 enim,
951 2060 1109 2121 quas
1153 2041 1229 2102 tu
1273 2037 1522 2102 litteras
1568 2039 1984 2122 exspectaris3
2035 2030 2126 2098 sed

238 2126 345 2190 ille
402 2126 658 2210 scripsit
710 2126 790 2189 ad
845 2125 1123 2190 Balbum
1182 2125 1571 2190 fasciculum·
1613 2127 1795 2190 illum
1851 2123 2123 2211 epistola·

237 2238 409 2299 rum,
470 2215 541 2278 in
605 2237 730 2299 quo
785 2213 997 2278 fuerat
1051 2219 1110 2278 et
1161 2235 1306 2278 mea
1360 2218 1425 2279 et
1478 2214 1695 2298 Balbi,
1757 2217 1971 2280 totum
2020 2208 2124 2275 sibi

239 2325 407 2386 aqua
460 2303 786 2367 madidum
839 2303 1159 2367 redditum
1215 2324 1379 2387 esse,
1437 2308 1511 2367 ut
1555 2325 1637 2367 ne
1681 2303 1842 2367 illud
1891 2300 2120 2389 quidem

239 2393 417 2473 sciat,
453 2413 661 2455 meam
697 2391 894 2455 fuisse
934 2391 1215 2474 aliquam
1252 2392 1608 2474 epistolam.
1682 2389 1807 2456 Sed
1845 2413 1923 2456 ex
1957 2383 2122 2455 Balbi

220 2479 511 2562 epistola
546 2500 750 2562 pauca
795 2479 991 2542 verba
1026 2480 1447 2563 intellexerat,
1492 2480 1573 2543 ad
1620 2502 1781 2563 quae
1817 2474 2120 2561 rescripsit

236 2567 338 2631 his
367 2567 604 2632 verbis:
652 2568 766 2650 „de
796 2565 1099 2632 Cicerone
1134 2571 1200 2631 te
1240 2567 1423 2632 video
1454 2568 1758 2652 quiddam
1797 2567 2120 2653 scripsisse,

238 2656 410 2740 quod
457 2677 576 2741 ego
622 2677 756 2720 non
801 2655 1114 2738 intellexi3
1160 2658 1472 2738 quantum
1516 2660 1731 2720 autem
1778 2657 2116 2720 coniectura

236 2744 691 2829 consequebar‚
735 2744 800 2807 id
847 2747 985 2807 erat
1030 2744 1369 2826 eiusmodi,
1414 2747 1488 2808 ut
1533 2745 1740 2828 magis
1787 2743 2117 2828 optandum

182 2851 210 2892 ε
238 2855 430 2916 quam
476 2832 864 2917 sperandum
909 2831 1260 2915 putarem.“
1329 2831 1557 2914 Itaque
1602 2835 1829 2915 postea
1873 2831 2013 2896 misi
2050 2823 2115 2890 ad

236 2920 574 2986 Caesarem
612 2921 834 2984 eodem
869 2919 981 2983 illo
1011 2919 1301 3003 exemplo
1337 2920 1605 2984 litteras.
1676 2918 1899 2985 Iocum
1928 2921 2115 2984 autem

233 3009 405 3074 illius
452 3010 528 3073 de
575 3030 692 3073 sua
737 3010 1021 3092 egestate
1074 3030 1158 3072 ne
1215 3008 1301 3071 sis
1348 3011 1754 3092 aspernatus:
1810 3008 1892 3073 ad
1952 3022 2115 3092 quem

234 3117 354 3180 ego
400 3096 695 3179 rescripsi
739 3096 902 3160 nihil
941 3117 1096 3180 esse,
1142 3096 1313 3180 quod
1351 3097 1623 3181 posthac
1661 3117 1843 3161 arcae
1881 3098 2111 3161 nostrae

369 3317 474 3386 Ep.
515 3327 598 3387 10,
627 3327 675 3375 2.
747 3321 1014 3387 futurum.
1089 3324 1344 3393 Eumque
1382 3325 1531 3393 (W.).
1605 3324 1667 3391 fi,
1702 3339 1923 3393 eumque
1947 3321 2108 3391 vulgo·

239 3413 299 3422 -
337 3390 538 3440 extorsi
586 3391 637 3442 ei
679 3405 801 3458 opp.
852 3393 1021 3461 (W.)?
1093 3396 1184 3461 An
1228 3411 1305 3460 o.,
1358 3396 1503 3464 quod
1549 3395 1664 3448 eius
1706 3399 1850 3460 erat,
1894 3394 2112 3463 positum

233 3452 401 3520 (W.)‘?
474 3461 522 3508 5.
577 3459 705 3512 misi
741 3463 816 3515 ad
853 3462 1133 3518 Caesarem
1169 3464 1359 3534 vulgo.
1432 3482 1500 3520 m.
1542 3466 1637 3534 [ad
1675 3464 1757 3536 G.]
1796 3465 1879 3535 L.‚
1914 3466 1973 3519 B.
