2338 3691
217 106 322 163 DE
352 107 767 164 PETITIONE
798 106 1102 165 CONSUL.
1130 107 1231 163 AD
1257 101 1339 161 Μ.
1368 100 1729 166 FRATREM
1748 119 1969 168 18-24.
2034 112 2162 178 651

219 254 463 338 cuique
501 270 747 320 munus
784 254 888 340 sit,
924 257 1008 339 et,
1043 254 1585 338 quemadmodum
1628 257 1872 322 nemini
1904 258 2164 323 illorum

213 343 550 407 molestus
598 344 734 407 ulla
778 344 849 407 in
892 365 963 408 re
1009 364 1316 427 umquam
1359 344 1561 427 fuisti,
1605 345 1696 411 sic
1736 366 1905 429 cura,
1948 349 2025 410 ut
2067 346 2163 410 in-

214 430 543 516 telligant
592 431 813 496 omnia
855 435 940 515 te,
986 452 1150 515 quae
1198 431 1279 495 ab
1316 431 1445 496 illis
1480 433 1603 496 tibi
1644 433 1861 498 deberi
1896 434 2163 517 putariS,

217 519 308 583 ad
354 518 492 584 hoc
538 522 801 603 tempus
836 540 1218 584 reservasse.
1292 517 1435 603 Sed,
1480 521 1787 603 quoniam
1821 521 2029 586 tribus
2064 542 2162 585 re·
2189 508 2241 613 ⁶¹

217 606 348 671 bus
394 606 708 672 homines
754 607 1029 671 maxime
1075 607 1156 672 ad
1203 607 1721 673 benevolentiam
1764 611 1958 692 atque
2001 610 2162 674 haec

217 694 648 781 suffragandi
702 695 916 760 studia
961 696 1311 779 ducuntur,
1367 696 1708 780 beneficio,
1754 719 1893 781 spe,
1939 697 2162 762 adiun-

216 783 446 849 ctione
515 784 724 848 animi
788 804 864 848 ac
925 784 1291 867 voluntate,
1354 748 1994 850 animadvertend'um
2048 789 2164 869 est,

214 872 786 954 quemadmodum
867 872 1094 955 cuique
1174 871 1408 937 horum
1488 874 1711 958 generi
1794 874 1880 938 sit
1961 873 2161 939 inser-

219 959 569 1025 viendum.
657 959 947 1025 Minimis
1001 959 1330 1025 beneficiis
1388 960 1684 1025 homines
1740 961 2164 1046 adducuntur,

219 1050 301 1113 ut
357 1049 530 1114 satis
600 1070 828 1113 causae
892 1051 1126 1133 putent
1184 1069 1322 1113 esse
1377 1048 1459 1113 ad
1515 1049 1800 1113 studium
1853 1050 2160 1136 suffraga-

221 1136 451 1221 tionis,
496 1136 746 1201 nedum
789 1136 856 1220 ii,
901 1136 1134 1221 quibus
1173 1136 1367 1201 saluti
1400 1136 1602 1221 fuisti,
1646 1158 1808 1221 quos
1843 1140 1916 1201 tu
1959 1137 2161 1217 habes

224 1225 585 1310 plurimos,
638 1246 774 1289 non
816 1225 1216 1310 intelligant,
1271 1225 1326 1290 si
1367 1225 1495 1291 hoc
1537 1228 1651 1291 tuo
1705 1229 1996 1310 tempore
2039 1226 2163 1290 tibi

226 1333 366 1378 non
415 1313 872 1397 satisfecerint,
919 1334 987 1377 se
1024 1314 1334 1396 probatos
1374 1313 1618 1378 nemini
1652 1335 1960 1398 umquam
2001 1314 2160 1379 fore.

226 1399 423 1477 Quod
462 1424 668 1487 quum
703 1401 797 1465 ita
833 1401 935 1485 sit,
977 1404 1201 1466 tamen
1235 1401 1511 1486 rogandi
1548 1405 1701 1466 sunt
1734 1405 1928 1486 atque
1966 1402 2161 1467 etiam

229 1489 305 1553 in
348 1490 529 1555 hanc
577 1489 949 1591 opinionem
995 1489 1370 1573 adducendi,
1413 1493 1514 1574 ut,
1559 1490 1670 1573 qui
1715 1490 1925 1555 adhuc
1969 1491 2160 1555 nobis

234 1577 516 1663 obligati
560 1577 832 1660 fuerint,
862 1576 993 1642 iis
1011 1577 1294 1643 vicissim
1338 1599 1460 1642 nos
1507 1578 1781 1663 obligari
1834 1600 2024 1662 posse
2071 1579 2159 1643 vi·

232 1666 527 1731 deamur.
619 1664 745 1741 Qui
790 1668 1007 1730 autem
1052 1687 1165 1750 spe
1209 1669 1531 1749 tenentur,
1577 1666 1749 1750 quod
1795 1686 2000 1751 genus
2043 1667 2158 1731 ho·
2188 1692 2241 1732 22

232 1755 489 1820 minum
544 1756 750 1819 multo
807 1754 1004 1818 etiam
1066 1757 1166 1818 est
1228 1753 1600 1839 diligentius
1660 1758 1854 1837 atque
1918 1754 2158 1819 officio·

235 1842 398 1927 siuS,
461 1843 547 1909 iis
601 1843 708 1907 fac
761 1845 838 1907 ut
898 1842 1304 1927 propositum
1356 1865 1433 1908 ac
1486 1844 1787 1929 paratum
1851 1843 2160 1910 auxilium

235 1934 425 1996 tuum
472 1953 614 1997 esse
660 1931 972 2014 videatur,
1017 1931 1293 2015 denique
1329 1935 1406 1996 ut
1440 1935 1869 2016 spectatorem
1911 1935 1978 1996 te
2016 1954 2158 1997 suo-

235 2040 386 2083 rum
441 2019 801 2086 officiorum
858 2040 997 2084 esse
1049 2018 1426 2105 intelligant
1477 2020 1880 2106 diligentem,
1941 2024 2018 2085 ut
2068 2021 2160 2085 vi-

239 2106 392 2171 dere
437 2111 505 2171 te
541 2108 733 2190 plane
770 2110 962 2191 atque
1000 2108 1527 2192 animadvertere,
1572 2111 1889 2192 quantum
1924 2130 1965 2173 a
2005 2131 2161 2192 quo-

239 2215 366 2278 que
421 2194 890 2280 proficiscatur,
953 2192 1281 2280 appareat.
1379 2196 1669 2261 Tertium
1728 2196 1891 2260 illud
1954 2217 2159 2282 genus
2188 2221 2239 2261 23

237 2285 342 2347 est
397 2283 757 2348 studiorum
819 2285 1284 2367 voluntarium,
1346 2284 1519 2369 quod
1581 2284 1849 2370 agendis
1914 2285 2158 2370 gratiis,

239 2371 803 2438 accommodandis
841 2372 1243 2437 sermonibus
1281 2372 1364 2437 ad
1401 2393 1510 2436 eas
1545 2373 1850 2456 rationes,
1894 2376 2160 2458 propter
2210 2390 2213 2393 ·

239 2479 403 2542 quas
466 2461 736 2545 quisque
801 2460 1126 2525 studiosus
1185 2461 1288 2526 tui
1352 2482 1490 2526 esse
1552 2460 1901 2544 videbitur,
1961 2462 2158 2547 signi-

237 2547 496 2613 ficanda
523 2568 678 2634 ergo
705 2546 853 2612 illos
890 2549 1032 2632 pari
1067 2549 1420 2632 voluntate,
1461 2548 1838 2614 adducenda
1874 2550 2160 2614 amicitia

238 2634 312 2699 in
371 2658 553 2722 spem
614 2636 1075 2700 familiaritatis
1131 2640 1198 2701 et
1249 2637 1732 2703 consuetudinis
1794 2637 2158 2702 confirmari

241 2725 587 2808 oportebit.
658 2723 874 2808 Atque
919 2725 992 2788 in
1033 2724 1115 2789 iis
1152 2725 1451 2790 omnibus
1488 2726 1831 2811 generibus
1875 2726 2157 2792 iudicato

240 2817 308 2875 et
349 2813 764 2898 perpendito,
808 2816 1153 2896 quantum·
1168 2814 1438 2897 quisque
1482 2814 1717 2899 possit,
1761 2817 1838 2878 ut
1882 2814 2047 2879 scias
2093 2817 2160 2879 et

242 2900 782 2982 quemadmodum
854 2901 1082 2984 cuique
1151 2901 1465 2966 inservias
1538 2905 1605 2966 et
1675 2900 1829 2985 quid
1902 2924 1943 2966 a
2003 2924 2158 2987 quo-

243 3007 369 3070 que
416 2992 746 3091 exspectes
794 3009 870 3052 ac
912 2989 1221 3073 postules.
1310 2987 1478 3055 Sunt
1521 2989 1695 3056 enim
1739 2989 2001 3092 quidam
2043 2991 2157 3056 ho·
2186 3015 2239 3056 24

243 3076 449 3142 mines
502 3079 574 3141 in
638 3076 771 3141 suis
833 3077 1275 3143 vicinitatibus
1331 3081 1398 3143 et
1449 3078 1816 3162 municipiis
1872 3079 2159 3165 gratiosi,

242 3171 397 3230 sunt
450 3166 792 3251 diligentes
848 3167 914 3229 et
968 3167 1242 3251 copiosi,
1304 3167 1415 3252 qui
1469 3167 1720 3232 etiamsi
1774 3170 1968 3232 antea
2024 3189 2159 3233 non

420 3381 470 3441 6,
499 3381 584 3428 21.
661 3376 1017 3431 adducwntwr
1053 3375 1136 3444 (L.
1139 3378 1197 3444 γε)
1287 3380 1374 3428 22.
1429 3378 1480 3428 te
1522 3387 1750 3428 suorum
1785 3373 1876 3439 off.
1926 3373 2155 3444 (vulgo).

241 3444 290 3494 te
326 3441 418 3516 [8.]
456 3447 549 3512 off.
587 3444 698 3512 Or„
734 3446 796 3500 B.
872 3451 922 3502 te
957 3447 1048 3513 off.
1086 3446 1202 3499 Erf.

2087 3608 2276 3636 *-
2305 3580 2306 3589 ¹
