2338 3691
396 121 469 174 M.
498 119 729 174 TULLII
755 119 1151 176 CICERONIS
1180 119 1700 176 EPISTOLARUM
1727 121 1820 175 VI.
1854 128 1900 175 1.
2015 120 2144 185 159

218 288 346 331 nec
392 266 561 329 enim
602 266 686 349 ie,
738 266 848 349 qui
899 265 975 329 in
1029 269 1099 330 te
1145 265 1357 330 adhuc
1399 265 1727 349 iniustior,
1782 288 1976 349 quam
2029 270 2149 330 tua

220 354 511 440 dignitas
562 354 961 438 postulabat,
1023 354 1180 439 fuit,
1233 376 1370 419 non
1423 375 1664 439 magna
1727 355 1915 440 signa
1970 354 2147 419 dedit

222 444 427 508 animi
480 463 636 528 erga
686 446 752 507 te
804 443 1117 528 mitigati,
1171 464 1290 508 nec
1335 446 1557 507 tamen
1599 444 1656 507 is
1710 444 1877 528 ipse,
1931 466 1970 508 a
2016 465 2144 526 quo

223 534 400 598 salus
445 533 714 616 petitur,
765 531 968 595 habet
1013 532 1398 616 explicatam
1444 535 1558 596 aut
1600 532 2001 616 exploratam
2045 554 2144 596 ra-

223 622 473 687 tionem
518 620 746 684 salutis
792 642 965 704 suae,
1011 642 1283 705 cumque
1328 620 1620 686 omnium
1654 622 1973 686 bellorum
2018 621 2146 685 exi-

222 714 336 775 tus
379 710 610 774 incerti
666 709 823 793 sint,
887 709 970 773 ab
1034 710 1239 773 altera
1301 710 1574 774 victoria
1625 709 1747 773 tibi
1790 710 2147 793 periculum

224 799 483 864 nullum
527 819 666 862 esse
711 798 1057 882 perspicio,
1111 797 1285 882 quod
1340 798 1599 881 quidem
1654 798 2016 863 seiunctum
2062 798 2149 862 sit

224 888 310 956 ab
361 888 650 951 omnium
694 886 990 972 interitu,
1044 886 1125 950 ab
1174 888 1379 951 altera
1422 891 1487 951 te
1532 887 1748 970 ipsum
1791 908 2147 972 numquam

223 977 521 1055 timuisse
569 978 745 1039 certo
792 976 943 1039 scio.
1026 974 1372 1059 Reliquum
1418 978 1533 1059 est,
1577 980 1653 1040 ut
1695 979 1761 1040 te
1805 976 1873 1040 id
1918 977 2148 1060 ipsum,
2184 992 2220 1042 3

228 1064 407 1150 quod
461 1085 582 1149 ego
638 1064 824 1149 quasi
884 1065 1345 1129 consolationis
1406 1065 1552 1129 loco
1616 1087 1791 1149 pono
1801 1116 1819 1149 ,
1872 1066 2148 1130 maxime

227 1154 578 1237 excruciet,
641 1174 979 1218 commune
1032 1154 1391 1237 periculum
1443 1154 1537 1218 rei
1580 1155 1903 1238 publicae:
1968 1154 2149 1219 cuius

225 1243 403 1307 tanti
447 1243 627 1326 mali,
674 1243 966 1325 quamvis
1013 1242 1188 1307 docti
1230 1242 1354 1308 viri
1397 1244 1605 1307 multa
1648 1242 1885 1325 dicant,
1927 1245 2151 1306 tamen

226 1353 461 1396 vereor
494 1352 579 1396 ne
616 1331 974 1396 consolatio
1018 1332 1201 1396 nulla
1235 1332 1444 1416 possit
1478 1353 1631 1396 vera
1665 1331 1933 1415 reperiri
1967 1351 2149 1414 prae-

226 1425 334 1485 ter
396 1420 605 1504 illam,
667 1442 830 1503 quae
893 1424 1082 1484 tanta
1144 1423 1270 1505 est,
1333 1424 1649 1504 quantum
1709 1421 1781 1484 in
1844 1419 2151 1502 cuiusque

229 1509 454 1574 animo
507 1510 759 1574 roboris
823 1512 922 1573 est
975 1513 1169 1594 atque
1222 1531 1595 1593 nervorum3
1650 1509 1705 1573 si
1760 1509 1933 1573 enim
1987 1508 2151 1572 bene

234 1598 479 1663 sentire
523 1601 822 1682 recteque
866 1598 1079 1663 facere
1134 1598 1294 1663 satis
1349 1601 1449 1663 est
1501 1598 1583 1663 ad
1628 1598 1793 1663 bene
1838 1598 2152 1681 beateque

232 1687 609 1771 vivendum,
653 1708 904 1771 vereor,
946 1708 1031 1751 ne
1076 1708 1251 1770 eum,
1295 1688 1407 1771 qui
1452 1709 1520 1751 se
1566 1688 1959 1771 optimorum
2003 1707 2151 1750 con-

232 1776 525 1841 siliorum
574 1776 970 1841 conscientia
1006 1780 1370 1841 sustentare
1404 1776 1629 1861 possit,
1673 1776 1977 1840 miserum
2014 1796 2154 1839 esse

233 1865 424 1931 nefas
479 1866 563 1930 sit
607 1865 834 1930 dicere.
930 1864 1070 1931 Nec
1115 1867 1290 1950 enim
1342 1888 1465 1931 nos
1520 1866 1793 1931 arbitror
1846 1865 2153 1930 victoriae

231 1954 539 2039 praemiis
594 1955 822 2020 ductos
874 1955 1154 2038 patriam
1209 1955 1364 2019 olim
1423 1957 1490 2019 et
1539 1954 1777 2019 liberos
1832 1956 1899 2020 et
1948 1954 2155 2019 fortu-

233 2065 361 2108 nas
412 2044 775 2128 reliquisse3
821 2043 934 2108 sed
980 2044 1304 2129 quoddam
1325 2086 1328 2091 -
1347 2043 1537 2108 nobis
1583 2042 1871 2108 officium
1913 2043 2157 2107 iustum

232 2136 304 2197 et
349 2132 529 2216 pium
576 2136 641 2196 et
685 2132 973 2197 debitum
1017 2133 1112 2197 rei
1154 2126 1453 2219 publicae
1506 2135 1893 2215 nostraeque
1949 2130 2156 2215 digni-

231 2221 365 2285 tati
399 2220 776 2286 videbamur
813 2222 1012 2306 sequi,
1046 2242 1187 2305 nec,
1222 2243 1308 2306 qu
1366 2227 1368 2230 ⁴
1455 2220 1523 2284 id
1562 2220 1977 2303 faciebamuS,
2019 2223 2158 2283 tam

236 2331 498 2374 eramus
544 2312 860 2394 amenteS,
912 2313 988 2378 ut
1032 2311 1366 2394 explorata
1459 2309 1600 2374 obis
1627 2311 1818 2374 ‘esset
1870 2308 2157 2373 victoria.

236 2397 486 2482 Quare,
539 2399 595 2463 si
645 2398 714 2462 id
767 2399 1010 2482 evenit,
1065 2399 1239 2482 quod
1292 2399 1364 2464 in
1446 2398 1808 2463 edientibus
1851 2397 2046 2462 nobis
2088 2397 2160 2460 in
2195 2407 2236 2460 4

235 2509 507 2554 causam
547 2487 954 2572 propositum
1007 2487 1134 2553 fuit
1188 2480 1473 2575 accidere
1517 2508 1736 2571 posse,
1791 2507 1928 2551 non
1972 2485 2159 2549 debe-

235 2599 388 2642 mus
432 2577 527 2640 ita
572 2576 796 2642 cadere
842 2577 1095 2662 animis,
1138 2576 1325 2660 quasi
1361 2576 1602 2671 aliquid
1640 2575 1947 2658 evenerit,
1989 2573 2160 2659 quod

234 2667 385 2731 fieri
436 2668 627 2750 posse
679 2687 1034 2751 numquam
1086 2665 1465 2750 putarimus.
1481 2672 1498 2745 ἢ
1562 2662 1778 2730 Simus
1830 2663 2033 2748 igitur
2085 2683 2162 2725 ea

238 2758 492 2840 mente,
548 2776 742 2838 quam
794 2755 960 2819 ratio
1017 2758 1084 2819 et
1125 2755 1364 2821 veritas
1408 2753 1815 2838 praescribit,
1869 2754 1945 2816 ut
1997 2749 2163 2814 nihil

237 2846 314 2910 in
350 2845 487 2909 vita
521 2843 712 2909 nobis
747 2844 1208 2928 praestandum
1243 2846 1500 2928 praeter
1525 2906 1530 2929 ,ὓ
1545 2844 1801 2926 culpam
1844 2842 2165 2923 putemus,

241 2956 448 3019 eaque
476 2956 676 3018 quum
705 2954 1054 3017 careamus,
1090 2933 1312 2998 omnia
1344 2932 1632 2997 humana
1656 2930 1910 3014 placate
1938 2930 2005 2992 et
2030 2948 2164 2992 mo·
2209 3010 2210 3013 Ἴ

241 3024 466 3089 derate
509 3023 815 3087 feramus.
901 3020 1119 3106 Atque
1164 3021 1327 3087 haec
1372 3042 1448 3086 eo
1493 3019 1778 3104 pertinet
1821 3017 2047 3100 oratiO,
2091 3019 2168 3081 ut

242 3112 518 3198 perditis
553 3112 748 3177 rebus
786 3111 1086 3176 omnibus
1119 3115 1343 3176 tamen
1375 3110 1521 3193 ipsa
1554 3109 1760 3181 virtus
1807 3127 1875 3170 se
1915 3108 2167 3170 susten·

239 3206 385 3267 tare
421 3222 616 3287 posse
651 3200 975 3284 videatu13
1017 3200 1149 3285 sed,
1186 3201 1242 3265 si
1277 3202 1380 3264 est
1414 3218 1560 3281 spes
1598 3197 1814 3280 aliqua
1850 3193 1927 3256 de
1972 3193 2165 3258 rebus
2273 3256 2280 3257 ff

391 3411 494 3481 Ep.
537 3418 585 3479 1,
614 3417 665 3464 4.
739 3411 932 3481 aliqua
967 3409 1033 3464 de
1066 3408 1229 3464 rebus
1256 3405 1407 3474 (W.).
1480 3421 1532 3458 a.
1571 3403 1755 3458 erebus
1779 3400 1855 3454 M.
1928 3414 1980 3452 a.
2007 3396 2167 3452 rebus

244 3482 377 3539 edd.
414 3484 572 3552 vett„
607 3480 664 3536 Β.
