2338 3691
671 117 1188 175 EPISTOLARUM
1222 120 1323 174 ΠΙ.
1367 125 1521 176 1-3.
1965 119 2053 185 63

182 260 328 327 meis.
408 260 606 329 Vides
662 285 743 330 ex
800 267 1064 330 senatus
1119 265 1420 330 consulto
1472 265 1870 350 provinciam
1916 286 2055 330 esse
2090 279 2126 330 8

178 348 528 418 habendam:
573 352 633 418 si
678 374 841 437 eam,
879 353 1051 438 quod
1088 353 1226 418 eius
1259 353 1477 418 facere
1512 354 1820 438 potueris,
1860 375 2057 438 quam

179 439 686 524 expeditissimam
742 441 904 506 mihi
963 441 1334 528 tradideris,
1395 441 1647 508 facilior
1710 443 1834 507 erit
1893 443 2057 508 mihi

179 529 328 611 quasi
377 529 684 596 decursus
741 531 870 596 mei
921 531 1253 614 temporis.
1343 528 1509 606 Quid
1562 532 1635 596 in
1688 551 1764 597 eo
1819 552 2055 617 genere

177 616 388 682 efficere
437 620 686 704 possis,
736 619 835 684 tui
889 619 1144 685 consilii
1198 621 1321 684 est:
1375 640 1497 705 ego
1549 623 1645 706 te,
1708 619 1880 705 quod
1933 620 2057 684 tibi

177 705 354 771 veniet
392 707 463 772 in
504 711 799 774 mentem
840 730 988 773 mea
1030 709 1361 794 interesse,
1405 709 1591 774 valde
1637 730 1817 795 rogo.
1905 707 2055 773 Plu·-

175 793 319 860 ribus
360 797 571 864 verbis
623 797 707 862 ad
749 799 816 862 te
862 797 1226 882 scriberem,
1272 798 1329 862 si
1373 801 1487 862 aut
1530 799 1647 862 tua
1681 797 2055 863 humanitas

174 881 494 970 longiorem
532 886 900 953 orationem
936 888 1341 970 exspectaret
1384 889 1499 951 aut
1541 886 1609 950 id
1643 886 1785 951 fieri
1828 889 2056 952 nostra

176 973 418 1039 amicitia
458 978 798 1061 pateretur
841 977 956 1040 aut
997 996 1102 1040 res
1137 975 1338 1041 verba
1373 974 1764 1040 desideraret
1808 997 1884 1041 ac
1917 996 2057 1041 non

175 1080 268 1143 pro
308 1084 370 1128 se
411 1063 558 1148 ipsa
604 1065 1004 1149 loqueretur:
1057 1063 1185 1129 hoc
1237 1063 1433 1130 velim
1474 1064 1597 1129 tibi
1648 1064 2057 1150 persuadeas,

175 1149 217 1212 si
251 1153 598 1218 rationibus
654 1153 814 1218 meis
865 1153 1199 1238 provisum
1254 1174 1294 1216 a
1345 1155 1412 1218 te
1467 1174 1606 1218 esse
1659 1153 2055 1237 intellexero,

173 1258 474 1396 mffi
497 1245 574 1308 te
628 1263 708 1308 ex
758 1263 836 1308 eo
890 1245 958 1307 et
1007 1243 1388 1327 perpetuam
1449 1242 1851 1327 voluptatem
1914 1261 2055 1306 esse

175 1346 267 1413 cap
477 1381 492 1397 .

1032 1523 1152 1591 ΙΠ.

320 1635 426 1695 Ser.
462 1635 759 1694 Brundisii
793 1639 1030 1693 exeunte
1065 1653 1257 1694 mense
1293 1637 1445 1693 Maio
1481 1653 1531 1692 a.
1569 1655 1624 1693 u.
1662 1654 1709 1695 c.
1748 1643 1867 1693 703.

535 1762 614 1818 Μ.
651 1760 911 1818 CICERO
950 1761 1004 1818 S.
1040 1762 1109 1817 D.
1147 1761 1260 1817 ΑΡ.
1299 1761 1655 1818 PULCHRO.

280 1859 351 1927 A.
409 1864 470 1931 d.
538 1878 636 1928 XI.
697 1862 1027 1928 Kalendas
1090 1862 1314 1928 Iunias
1375 1862 1794 1930 Brundisium
1856 1883 2055 1948 quum
2094 1876 2123 1925 1

181 1950 475 2038 venissem,
523 1950 599 2028 Q.
642 1949 883 2017 Fabius
927 1951 1349 2038 Virgilianus,
1392 1952 1646 2037 legatus
1680 1955 1852 2035 tuuS,
1895 1952 2057 2016 mihi

178 2043 393 2119 praesto
458 2040 591 2107 fuit
654 2061 855 2125 eaque
917 2061 1020 2105 me
1076 2062 1156 2106 ex
1206 2041 1338 2105 tuis
1400 2040 1722 2105 mandatis
1784 2040 2056 2125 monuit,

180 2145 309 2208 quae
349 2151 488 2197 non
532 2129 711 2211 mihi,
755 2129 837 2194 ad
886 2150 1077 2213 quem
1120 2129 1551 2213 pertinebant,
1596 2129 1708 2194 sed
1752 2129 2054 2195 universo

180 2220 393 2283 senatui
430 2221 747 2285 venerant
778 2218 852 2282 in
877 2220 1181 2302 mentem,
1214 2217 1536 2303 praesidio
1571 2217 1853 2283 firmiore
1891 2239 2055 2301 opus

180 2322 290 2370 esse
336 2307 419 2390 ad
474 2307 669 2372 istam
720 2306 1147 2391 provinciam3
1202 2306 1553 2371 censebant
1605 2306 1778 2370 enim
1832 2327 2055 2372 omnes

179 2390 284 2458 fere
291 2445 308 2479 ,
353 2399 433 2461 ut
474 2396 548 2460 in
590 2395 784 2461 Italia
829 2396 1349 2480 supplementum
1391 2395 1552 2459 meis
1598 2398 1664 2459 et
1705 2393 1925 2459 Bibuli
1966 2395 2055 2460 le·

181 2480 447 2563 gionibus
494 2484 904 2550 scriberetur:
949 2484 1017 2548 id
1053 2505 1254 2568 quum
1290 2482 1611 2567 Sulpicius
1647 2484 1874 2549 consul
1909 2505 2055 2567 pas-

181 2588 366 2638 surum
411 2594 480 2639 se
524 2576 814 2659 negaret,
857 2574 1065 2638 multa
1107 2594 1230 2638 nos
1267 2573 1525 2657 quidem
1561 2572 1772 2657 questi
1816 2593 2058 2658 sumus,

182 2659 271 2724 sed
308 2665 527 2728 tantus
573 2683 928 2729 consensus
975 2665 1239 2727 senatus
1283 2661 1435 2748 fuit,
1488 2664 1564 2726 ut
1614 2664 1865 2726 mature
1910 2681 2056 2743 pro·

181 2744 598 2838 ficisceremur,
658 2751 1018 2838 parendum
1078 2754 1155 2815 ut
1205 2750 1427 2836 fuerit,
1488 2750 1706 2834 itaque
1767 2747 2057 2814 fecimus.

183 2830 357 2926 Nunc,
400 2841 574 2926 quod
620 2862 661 2907 a
702 2842 769 2905 te
813 2840 973 2926 petii
1014 2840 1250 2905 litteris
1294 2840 1400 2925 iis,
1453 2860 1614 2924 quas
1658 2837 1905 2904 Romae
1960 2838 2059 2902 ta·

184 2921 427 2996 bellariis
480 2930 614 2995 tuis
675 2928 847 3013 dedi,
908 2928 1103 2995 velim
1154 2928 1277 2993 tibi
1331 2949 1521 2993 curae
1577 2928 1687 3012 sit,
1739 2929 1840 3012 ut,
1867 2947 2058 3012 .quae

187 3019 499 3086 successori
543 3018 1075 3085 coniunctissimo
1122 3020 1189 3082 et
1224 3016 1612 3082 amicissimo
1651 3016 2058 3081 commodare

187 3107 362 3183 potest
401 3109 486 3192 is,
542 3108 655 3193 qui
697 3106 1098 3192 provinciam
1142 3106 1368 3190 tradit,
1420 3108 1496 3170 ut
1540 3125 1617 3168 ea
1668 3125 1787 3187 pro
1833 3108 2061 3170 nostra

188 3196 702 3264 consociatissima
769 3197 1104 3263 voluntate
1179 3216 1334 3259 cura
1404 3214 1480 3258 ac
1547 3192 1884 3278 diligentia
1944 3196 2061 3256 tua

297 3405 390 3479 Ep.
428 3414 479 3477 2,
508 3413 558 3462 2.
633 3407 780 3477 quod
814 3407 932 3462 eius
967 3405 1007 3474 f.
1048 3403 1240 3473 (MR).
1312 3401 1495 3470 quoad
1530 3416 1571 3454 e.
1599 3400 1642 3467 f.
1680 3399 1824 3467 (edd.
1863 3396 2059 3460 vett.)?

194 3495 244 3511 “
270 3491 508 3550 magnam
543 3482 596 3534 te
631 3494 701 3534 ex
737 3478 873 3549 (Μ.).
945 3493 1014 3531 m.
1051 3491 1134 3530 me
1172 3489 1240 3529 ex
1274 3470 1493 3537 Muner,
1530 3469 1593 3523 B.
