2338 3691
227 111 357 176 648
731 109 1094 166 EPISTOLA
1121 110 1195 189 Ω.
1233 108 1617 166 CICERONIS

224 257 506 342 primum
559 278 637 321 ex
691 278 768 322 eo
823 256 1059 321 iudicio
1110 258 1250 320 tam
1303 276 1501 340 egens
1564 254 1884 340 discessit,
1946 278 2136 341 quam

225 346 487 429 quidam
550 344 791 409 iudices
855 345 991 409 eius
1055 348 1208 409 ante
1268 344 1427 409 illud
1491 344 1797 410 iudicium
1857 345 2137 430 fuerunt,

225 434 454 498 deinde
497 437 645 498 tam
697 433 1082 516 invidiosus,
1143 436 1221 497 ut
1271 432 1447 497 aliud
1509 433 1581 496 in
1639 455 1786 497 eum
1829 433 2136 499 iudicium

225 522 511 605 quotidie
572 521 921 608 flagitetur.
1027 520 1153 586 Hic
1217 542 1285 585 se
1349 520 1442 585 sic
1502 521 1732 605 habet,
1793 525 1871 586 ut
1925 524 2140 607 magis

221 611 468 693 timeat,
511 610 765 675 etiamsi
811 610 1062 694 quierit,
1107 631 1301 693 quam
1336 613 1412 673 ut
1448 612 1839 694 contemnat,
1867 611 1939 675 si
1986 611 2137 694 quid

144 715 195 754 11
225 698 713 763 commoverit.
748 697 1005 774 Quanto
1051 699 1279 764 melior
1321 698 1443 762 tibi
1495 698 1762 763 fortuna
1804 700 2136 782 petitionis

224 786 376 850 data
420 790 521 851 est
565 808 758 871 quam
802 808 1010 871 nuper
1052 786 1303 852 homini
1325 808 1545 868 novo,
1603 784 1673 852 O.
1719 785 1964 852 Caelio!
2030 788 2138 852 ille

224 895 370 939 cum
415 875 666 940 duobus
711 876 1082 940 hominibus
1127 875 1222 938 ita
1265 875 1685 939 nobilissimis
1729 876 2020 959 petebat,
2063 879 2137 941 ut

220 966 441 1028 tamen
485 964 556 1027 in
601 964 682 1028 iis
728 965 947 1029 omnia
989 963 1195 1048 pluris
1250 966 1469 1028 essent
1512 985 1706 1047 quam
1763 964 1906 1048 ipsa
1951 965 2133 1029 nobi·

220 1051 398 1117 litas:
444 1074 696 1117 summa
729 1052 1013 1138 ingenia,
1049 1073 1335 1117 summus
1372 1051 1597 1136 pudor,
1632 1053 1908 1136 plurima
1943 1053 2136 1117 bene·

219 1140 387 1224 ficia,
431 1162 682 1205 summa
724 1142 892 1205 ratio
940 1161 1014 1205 ac
1062 1140 1400 1226 diligentia
1443 1140 1732 1224 petendi3
1785 1162 1861 1205 ac
1912 1145 2134 1206 tamen

223 1250 443 1294 eorum
486 1230 761 1293 alterum
807 1227 1086 1313 Caelius,
1139 1250 1338 1312 quum
1383 1230 1588 1294 multo
1642 1229 1912 1295 inferior
1967 1233 2139 1294 esset

142 1333 193 1373 12
222 1338 482 1402 genere,
529 1318 819 1401 superior
860 1319 1042 1382 nulla
1084 1339 1154 1381 re
1199 1339 1432 1402 paene,
1486 1318 1829 1402 superavit.
1920 1317 2131 1394 Quare

146 2107 181 2154 4

219 1406 367 1489 tibi,
429 1406 485 1470 si
545 1406 744 1471 facies
809 1427 908 1489 ea,
972 1427 1135 1489 quae
1198 1409 1434 1470 natura
1485 1409 1554 1470 et
1606 1406 1844 1490 studia,
1900 1408 2134 1490 quibus

221 1515 472 1578 semper
516 1516 671 1559 usus
717 1516 804 1579 es,
846 1495 1231 1580 largiuntur,
1277 1516 1440 1579 quae
1474 1494 1786 1579 temporis
1820 1495 1919 1559 tui
1964 1496 2132 1560 ratio

221 1581 559 1666 desiderat,
604 1604 767 1667 quae
812 1586 1016 1667 poteS,
1061 1604 1226 1666 quae
1272 1583 1482 1665 debes,
1526 1604 1663 1647 non
1707 1583 1831 1648 erit
1871 1583 2133 1647 difficile

220 1675 545 1736 certamen
604 1693 749 1736 cum
810 1671 891 1736 iis
949 1671 1526 1755 competitoribuS,
1560 1671 1671 1754 qui
1722 1692 2132 1756 nequaquam

219 1764 373 1824 sunt
416 1766 553 1824 tam
599 1780 833 1845 genere
877 1760 1168 1845 insignes
1216 1781 1408 1843 quam
1454 1759 1627 1823 vitiis
1663 1760 1941 1844 nobiles;
1990 1761 2135 1844 quis

219 1850 393 1913 enim
436 1849 703 1932 reperiri
754 1851 973 1933 potest
1014 1853 1151 1914 tam
1195 1849 1527 1932 improbus
1574 1848 1757 1933 civis,
1811 1851 1924 1933 qui
1978 1851 2134 1914 velit

217 1958 350 2001 uno
420 1937 730 2021 suffragio
804 1937 964 2002 duas
1039 1937 1113 2001 in
1181 1957 1320 2002 rem
1379 1937 1718 2022 publicam
1788 1938 1953 2003 sicas
2026 1938 2131 2002 de-

218 2023 579 2109 stringere?

350 2111 688 2197 Quoniam,
732 2135 894 2198 quae
932 2113 1219 2179 subsidia
1252 2114 1563 2179 novitatis
1597 2113 1871 2180 haberes
1916 2117 1987 2178 et
2018 2114 2132 2179 ha·

139 2173 366 2265 ¹3bere
403 2223 654 2285 posses»,
698 2203 995 2286 exposui,
1039 2223 1215 2266 nunc
1259 2202 1339 2266 de
1382 2203 1828 2286 magnitudine
1873 2203 2129 2287 petitio-

217 2289 321 2353 nis
349 2289 690 2354 dicendum
725 2291 1003 2355 videtur·
1050 2291 1458 2355 consulatum
1494 2290 1681 2374 petis,
1717 2312 1843 2374 quo
1881 2292 2132 2357 honore

216 2399 410 2444 nemo
454 2382 555 2442 est
599 2378 756 2462 quin
799 2382 866 2443 te
901 2379 1173 2464 dignum
1209 2379 1575 2462 arbitretur,
1619 2379 1730 2444 sed
1768 2381 1975 2464 multi,
2022 2379 2132 2463 qui

214 2466 576 2549 invideant3
631 2467 796 2550 petis
853 2468 1025 2531 enim
1069 2467 1266 2532 homo
1313 2489 1392 2531 ex
1436 2468 1716 2550 equestri
1769 2468 1913 2533 loco
1961 2490 2133 2533 sum·

216 2576 393 2618 mum
447 2555 662 2619 locum
716 2556 996 2619 civitatis
1052 2559 1246 2639 atque
1298 2556 1394 2619 ita
1446 2578 1792 2637 summum,
1846 2559 1923 2621 ut
1973 2556 2136 2621 forti

215 2642 492 2727 homini,
547 2643 813 2727 diserto,
873 2644 1205 2710 innocenti
1268 2644 1473 2708 multo
1527 2645 1699 2709 idem
1754 2645 1864 2709 ille
1918 2644 2139 2710 honos

213 2732 361 2815 plus
417 2694 859 2816 amplitudinis
914 2753 1109 2816 quam
1173 2733 1401 2796 ceteris
1465 2733 1707 2798 afferat.
1805 2731 1963 2798 Noli
2017 2756 2131 2817 pu-

212 2823 353 2884 tare
400 2842 537 2904 ece,
591 2821 702 2904 qui
754 2823 911 2885 sunt
963 2841 1038 2884 eo
1085 2820 1332 2885 honore
1377 2821 1507 2904 usi,
1563 2843 1698 2886 non
1744 2821 1989 2904 videre,
2042 2825 2137 2905 tu,

216 2930 415 2991 quum
472 2871 643 2973 idem
698 2909 786 2972 sis
843 2909 1143 2991 adeptuS,
1200 2908 1353 2992 quid
1400 2909 1735 2995 dignitatis
1788 2909 2137 2974 habiturus

215 2997 328 3079 sis;
383 3018 493 3061 eos
539 3017 719 3078 vero,
764 2997 874 3079 qui
921 2996 1368 3060 consularibus
1413 2997 1676 3061 familiis
1730 2998 1872 3061 nati
1916 2999 2133 3063 locum

213 3046 530 3150 maiorum
577 3084 902 3149 consecuti
956 3106 1092 3149 non
1138 3087 1318 3168 sunt,
1364 3086 1653 3169 suspicor
1697 3086 1845 3168 tibi,
1902 3087 2035 3150 nisi
2080 3086 2137 3150 si

215 3173 324 3252 qui
354 3171 698 3236 admodum
733 3175 799 3235 te
838 3175 1077 3256 amant,
1113 3172 1425 3257 invidere3
1468 3174 1663 3237 etiam
1688 3194 1898 3238 novos
1926 3174 2137 3239 homi·

212 3276 328 3319 nes
364 3261 721 3340 praetorios
757 3260 1070 3344 existimO,
1113 3261 1242 3324 nisi
1281 3262 1390 3345 qui
1429 3264 1543 3326 tuo
1580 3261 1891 3328 beneficio
1931 3262 2134 3329 vincti

357 3449 408 3509 3,
441 3451 522 3498 10.
594 3448 865 3504 iudicium
899 3451 1127 3517 fuerant
1164 3452 1337 3520 (W.)?
