2338 3691
655 159 1176 215 EPISTOLARUM
1221 159 1371 214 XIII.
1413 165 1638 214 10-12.
1973 155 2106 220 429

183 304 260 382 Q.
314 305 360 369 f.
458 304 618 370 Peto
665 328 706 370 a
757 308 824 369 tc
878 306 950 370 in
1001 305 1314 369 maiorem
1376 304 1642 369 modum
1704 324 1823 386 pro
1882 306 2109 366 nostra
2146 316 2178 363 2

185 394 688 479 necessitudine,
738 397 815 459 ut
866 393 989 458 tibi
1044 415 1120 457 ea
1174 415 1275 457 res
1332 414 1522 457 curae
1578 392 1664 456 sit
1719 412 2107 475 operamque

185 483 327 566 des,
381 486 456 547 ut
501 505 616 568 per
660 487 726 546 to
773 504 967 567 quam
1013 482 1527 548 commodissime
1580 481 1918 565 negotium
1970 502 2107 544 mu·

186 571 411 672 nicipii
466 571 951 636 administretur
1006 593 1203 672 quam
1253 571 1658 673 primumque
1713 568 2109 651 conficiatur,

186 660 510 744 ipsosque,
556 682 832 744 quorum
876 661 1146 725 nomina
1191 659 1444 743 scripsi,
1488 662 1564 723 ut
1609 680 1804 742 quam
1846 657 2108 723 honori-

185 749 600 813 ficentissime
656 771 774 833 pro
829 753 944 813 tua
997 753 1234 813 natura
1298 751 1364 811 et
1416 769 1609 832 quam
1664 746 2110 811 liberalissime

186 841 447 901 tractes.
537 836 758 902 Bonos
812 838 985 903 viros
1042 838 1123 902 ad
1179 841 1361 901 tuam
1406 834 1945 901 necessitudinem
1999 835 2108 899 ad·
2146 847 2180 896 3

188 926 476 990 iunxeris
531 927 1079 1011 municipiumque
1134 926 1576 1011 gratissimum
1628 924 1937 990 beneficio
1991 927 2107 989 tuo

189 1015 580 1099 devinxeris,
636 1015 797 1080 mihi
850 1037 1003 1082 vero
1061 1015 1258 1078 ctiam
1312 1015 1560 1100 gratius
1617 1013 1874 1098 feceris,
1936 1013 2109 1098 quod

192 1125 393 1187 quum
439 1125 690 1189 semper
741 1105 910 1168 tueri
955 1104 1314 1188 municipes
1358 1124 1537 1168 meos
1584 1102 1915 1186 consuevi,
1965 1105 2111 1166 tum

188 1192 299 1256 hic
353 1214 563 1257 annus
616 1194 956 1278 praecipue
1013 1194 1094 1258 ad
1148 1215 1361 1257 meam
1425 1213 1645 1257 curam
1700 1191 2109 1273 officiumque

191 1282 499 1366 pertinet:
546 1304 700 1346 nam
728 1282 1162 1347 constituendi
1189 1281 1524 1366 municipii
1552 1301 1746 1344 causa
1780 1280 1905 1345 hoc
1934 1301 2106 1343 anno

194 1370 467 1434 aedilem
511 1371 715 1435 filium
759 1393 974 1435 meum
1018 1371 1157 1435 fieri
1203 1370 1379 1436 volui
1424 1373 1490 1434 et
1533 1369 1755 1434 fratris
1795 1368 2001 1433 filium
2046 1372 2113 1431 et

192 1457 282 1522 M.
331 1457 645 1544 Caesium,
689 1460 1019 1525 hominem
1054 1459 1215 1523 mihi
1251 1458 1526 1523 maxime
1563 1458 1997 1523 necessarium
2026 1491 2109 1502 —-

193 1548 250 1611 is
298 1548 470 1612 enim
516 1548 933 1650 magistratus
987 1549 1059 1613 in
1102 1552 1328 1613 nostro
1374 1547 1725 1631 municipio
1780 1567 1902 1611 nec
1947 1546 2110 1610 alius

194 1637 366 1701 ullus
414 1638 616 1701 creari
661 1638 827 1702 solet
872 1662 984 1721 -3
1039 1659 1201 1721 quos
1257 1635 1700 1702 cohonestaris
1744 1637 1816 1700 in
1860 1634 2111 1720 primis-

200 1746 324 1808 que
376 1747 506 1809 me,
563 1726 617 1789 si
670 1748 773 1790 res
825 1727 1085 1811 publica
1130 1726 1464 1811 municipii
1507 1729 1623 1790 tuo
1671 1724 1912 1808 studio,
1971 1723 2110 1787 dili-

199 1814 422 1899 gentia
474 1814 640 1880 bene
695 1815 1140 1880 administrata
1199 1816 1344 1880 erit.
1410 1814 1583 1899 quod
1638 1817 1713 1880 ut
1764 1814 1994 1897 faciaS,
2045 1814 2113 1879 te

197 1903 612 1970 vehementer
656 1905 853 1969 etiam
899 1909 1091 1989 atque
1138 1906 1334 1969 etiam
1380 1925 1560 1989 rogo·

1084 2100 1231 2164 XII.

716 2211 828 2268 Scr.
885 2213 1093 2266 Romae
1152 2230 1201 2266 a.
1258 2231 1310 2265 u.
1368 2229 1414 2265 ce
1472 2216 1591 2266 708.

795 2334 1051 2391 CICERO
1087 2335 1332 2391 BRUTO
1372 2334 1523 2390 SAL,

336 2433 487 2500 AJia
531 2437 806 2520 epistola
850 2436 1277 2501 communiter
1312 2436 1754 2501 commendavi
1786 2435 1909 2501 tibi
1940 2435 2117 2520 lega·
2156 2447 2184 2497 1

197 2528 307 2591 tos
362 2524 778 2609 Arpinatium
832 2528 907 2589 ut
958 2526 1143 2608 potui
1201 2525 1714 2610 diligentissime,
1757 2525 1882 2589 hac
1936 2545 2117 2607 sepa·

198 2612 397 2677 ratim
442 2613 515 2690 Q.
560 2613 909 2698 Fufidium,
953 2635 1231 2697 quocum
1285 2614 1444 2677 mihi
1499 2636 1722 2680 omnes
1767 2612 2142 2678 necessitu-

201 2703 386 2766 dines
442 2706 622 2786 sunt,
676 2702 1049 2787 diligentius
1103 2702 1510 2789 commendo,
1564 2724 1700 2767 non
1755 2705 1833 2766 ut
1875 2700 2116 2784 aliquid

201 2791 282 2855 de
330 2791 442 2855 illa
488 2790 1044 2855 commendatione
1092 2792 1489 2876 deminuam,
1545 2790 1657 2856 sed
1699 2794 1776 2855 ut
1820 2789 1901 2854 ad
1946 2789 2117 2853 hanc

201 2880 463 2945 addam:
517 2902 671 2944 nam
726 2884 792 2943 et
844 2880 1181 2965 privignus
1237 2884 1337 2944 est
1379 2879 1467 2944 Μ.
1515 2878 1751 2964 Caesii,
1804 2879 1932 2944 mei
1985 2900 2116 2942 ma-

201 2969 374 3034 xime
431 2973 496 3033 et
547 2968 887 3033 familiaris
944 2973 1009 3034 et
1053 2969 1426 3053 necessarii,
1481 2972 1548 3033 et
1597 2968 1727 3033 fuit
1776 2968 1847 3032 in
1894 2964 2119 3032 Cilicia

202 3079 455 3123 mecum
518 3058 817 3122 tribunus
881 3058 1185 3141 militum,
1249 3080 1377 3142 quo
1438 3058 1510 3121 in
1572 3077 1835 3122 munere
1897 3056 1992 3120 ita
2051 3077 2118 3119 se

200 3147 540 3232 tractavit,
602 3150 678 3211 ut
741 3147 1060 3231 accepisse
1124 3147 1207 3211 ab
1272 3168 1347 3212 eo
1410 3146 1790 3210 beneficium
1851 3145 2118 3229 viderer,

346 3375 451 3445 Ep.
492 3382 575 3444 11,
604 3382 657 3430 3.
729 3377 915 3431 studio
950 3376 1341 3445 dzliye‘ntiaque
1377 3376 1504 3429 bene
1550 3374 1720 3443 (W.)?
1810 3372 1911 3442 Ep.
1955 3378 2115 3439 12,1.

201 3452 268 3575 gt
295 3419 824 3589 ἒᾶὧθιηιέὶξιέιάαὲι)
834 3448 983 3516 (W..)
1056 3453 1120 3501 ut
1153 3448 1297 3501 hanc
1324 3464 1374 3500 a.
1406 3445 1575 3514 (W)‘?
1649 3445 1737 3500 An
1773 3449 1836 3496 ut
1862 3444 1938 3498 ad
1962 3443 2113 3498 illam
