2338 3691
230 155 327 210 DE
355 156 756 214 PETITIONE
784 155 1086 213 CONSUL.
1114 152 1216 210 AD
1244 148 1321 208 M.
1350 152 1707 211 FRATREM
1734 160 1962 212 48-54.
2017 154 2145 219 661

229 302 375 384 peio
442 302 766 387 ornando,
826 300 1081 366 Manilii
1144 320 1340 365 causa
1401 300 1795 385 recipienda,
1849 298 2149 365 Cornelio

231 389 664 457 defendendo:
717 390 1057 456 excitanda
1101 389 1292 454 nobis
1339 392 1518 472 sunt,
1572 410 1736 473 quae
1783 388 1993 454 adhuc
2036 389 2150 453 ha·

230 477 372 544 buit
425 502 649 564 nemo,
702 480 863 564 quin
903 478 1077 543 idem
1122 477 1604 562 splendidorum
1648 477 1987 542 hominum
2039 498 2151 542 vo·

229 566 518 635 luntates
571 568 859 633 haberet.
956 566 1389 631 Efficiendum
1442 566 1638 630 etiam
1691 566 1852 631 illud
1898 568 2024 649 est,
2076 568 2152 629 ut

230 656 443 721 sciant
497 677 721 723 omnes
777 654 892 722 Cn.
945 654 1237 739 Pompeii
1292 675 1610 719 summam
1663 665 1802 719 esse
1867 674 2023 738 erga
2083 656 2151 718 te

231 744 639 810 voluntatem
690 748 757 810 et
807 744 1221 809 vehementer
1274 743 1357 807 ad
1408 742 1583 807 illius
1636 742 1920 807 rationes
1972 745 2039 806 te
2083 742 2150 807 id

233 834 521 917 assequi,
577 833 747 917 qu'od
791 833 986 917 petis,
1039 832 1380 917 pertinere.
1466 830 1802 896 Postremo
1856 833 1999 895 tota
2042 851 2150 915 pe·
2178 849 2232 891 52

230 919 379 986 titio
419 943 577 987 cura
612 925 687 987 ut
719 942 995 1005 pompae
1033 921 1227 1004 plena
1265 919 1367 1003 sit,
1406 923 1483 983 ut
1516 919 1804 1003 illustris,
1838 922 1914 983 ut
1941 920 2152 1003 splen-

233 1007 412 1092 dida,
457 1014 537 1075 ut
578 1010 910 1095 popularis
955 1009 1065 1091 sit,
1108 1012 1186 1073 ut
1227 1007 1469 1071 habeat
1513 1028 1830 1071 summam
1876 1008 2153 1091 speciem

234 1116 309 1160 ac
357 1098 771 1185 dignitatem,
814 1101 891 1163 ut
935 1098 1159 1181 etiam,
1205 1095 1262 1160 si
1308 1116 1471 1179 quae
1516 1096 1741 1180 possit,
1785 1094 1855 1159 in
1900 1116 2153 1180 compe-

231 1184 541 1252 titoribus
592 1187 724 1252 tuis
778 1186 1046 1251 exsistat
1091 1188 1206 1250 aut
1250 1184 1503 1249 sceleris
1550 1187 1665 1249 aut
1706 1183 1993 1248 libidinis
2039 1187 2155 1248 aut

233 1273 604 1359 largitionis
649 1274 1133 1348 accommodata
1188 1273 1270 1338 ad
1325 1293 1547 1337 eorum
1600 1293 1811 1337 mores
1864 1271 2152 1336 infamia.

235 1361 453 1447 Atque
520 1364 715 1429 etiam
777 1364 848 1429 in
908 1363 1034 1427 hac
1094 1361 1410 1446 petitione
1472 1360 1748 1425 maxime
1805 1360 2153 1425 videndum
2180 1376 2233 1419 5³

237 1454 354 1552 est,
398 1456 477 1517 ut
521 1474 666 1537 spes
710 1452 804 1517 rei
848 1450 1146 1536 publicae
1190 1450 1366 1514 bona
1411 1449 1489 1514 de
1534 1452 1601 1514 te
1648 1449 1734 1513 sit
1777 1452 1844 1550 et
1877 1449 2156 1514 honesta

237 1544 953 1712 231320’23032323'52
995 1537 1607 1710 ζὲηέἵᾶθὲἓζηέθῖη
1620 1538 2154 1709 Ρᾷῗὲῖἓηὲῗξῖῖι

235 1714 399 1782 haec
460 1716 584 1780 tibi
647 1720 801 1781 sunt
850 1716 1215 1800 retinenda,
1272 1718 1349 1779 ut
1399 1718 1663 1780 senatus
1714 1718 1781 1777 te
1835 1713 2157 1779 existimet

239 1824 321 1867 ex
357 1825 454 1888 eo,
498 1803 672 1889 quod
706 1803 801 1868 ita
838 1803 1085 1889 vixeris,
1121 1803 1525 1870 defensorem
1561 1802 1964 1868 auctoritatis
2001 1823 2154 1868 suae

239 1890 412 1977 fore,
466 1892 713 1978 equites
757 1891 1038 1957 Romani
1083 1895 1150 1956 et
1192 1893 1315 1957 viri
1357 1892 1514 1958 boni
1559 1912 1635 1956 ac
1678 1891 2032 1975 locupletes
2078 1912 2156 1956 ex

239 1980 376 2045 vita
422 1985 568 2045 acta
611 1984 677 2045 te
725 1980 1084 2046 studiosum
1130 1981 1246 2046 otii
1282 2002 1356 2045 ac
1392 2002 1607 2045 rerum
1639 1979 2156 2064 tranquillarum,

240 2069 588 2134 multitudo
644 2090 722 2133 ex
775 2090 851 2134 eo
862 2119 879 2154 ,
935 2069 1107 2153 quod
1161 2068 1499 2134 dumtaxat
1543 2068 1835 2134 oratione
1888 2068 1961 2132 in
2005 2089 2156 2133 con·

242 2157 539 2223 cionibus
585 2178 660 2222 ac
703 2157 940 2223 iudicio
982 2157 1319 2241 popularis
1362 2157 1565 2242 fuisti,
1608 2161 1688 2221 te
1719 2178 1760 2221 a
1804 2156 1938 2221 suis
1985 2177 2155 2222 com-

240 2245 451 2310 modis
494 2266 632 2311 non
675 2246 959 2311 alienum
1002 2245 1314 2309 futurum.
2151 2264 2154 2267 ·

375 2333 556 2400 Haec
626 2334 976 2399 veniebant
1035 2332 1199 2397 mihi
1259 2333 1329 2397 in
1377 2335 1682 2397 ‘mentem
1754 2333 1834 2397 de
1906 2332 2155 2398 duabus
2177 2315 2244 2423 ξ

240 2421 371 2488 illis
419 2422 1069 2489 commentationibus
1105 2421 1459 2504 matutiniS,
1504 2421 1677 2504 quod
1712 2420 1834 2485 tibi
1870 2420 2156 2504 quotidie

242 2511 326 2576 ad
388 2512 606 2576 forum
661 2510 1075 2576 descendenti
1137 2509 1580 2574 meditandum
1643 2530 1781 2574 esse
1844 2509 2155 2574 dixeram:

241 2621 486 2683 „novus
551 2621 720 2682 sum3
794 2599 1201 2664 consulatum
1269 2597 1478 2682 pet0.“
1581 2596 1873 2662 Tertium
1928 2601 2155 2662 restat:

242 2687 490 2771 „Roma
537 2686 697 2771 est,“
753 2687 978 2753 civitas
1033 2708 1112 2751 ex
1154 2687 1497 2752 nationum
1551 2689 1874 2751 conventu
1921 2707 2038 2751 con
2046 2686 2157 2750 sti·

242 2779 415 2862 tuta,
458 2777 532 2841 in
576 2797 705 2860 qua
747 2777 991 2841 multae
1035 2775 1335 2859 insidiae,
1379 2775 1585 2839 multa
1628 2774 1904 2859 fallacia,
1951 2775 2158 2839 multa

242 2864 315 2928 in
378 2866 556 2930 omni
619 2885 856 2950 genere
911 2863 1070 2930 vitia
1133 2866 1499 2947 versantur,
1559 2863 1912 2927 multorum
1984 2884 2157 2928 arro·

243 2952 498 3038 gantia,
559 2953 911 3018 multorum
974 2951 1405 3034 contumacia,
1465 2951 1819 3016 multorum
1879 2952 2158 3017 malevo-

241 3041 464 3127 lentia,
507 3041 860 3105 multorum
905 3040 1223 3125 superbia,
1265 3040 1619 3104 multorum
1655 3040 1873 3105 odium
1913 3060 1989 3104 ac
2024 3061 2157 3103 mo·

242 3129 434 3193 lestia
504 3128 884 3214 perferenda
948 3132 1063 3194 est.
1150 3127 1360 3193 Video
1425 3149 1563 3193 esse
1626 3127 1847 3212 magni
1907 3126 2160 3192 consilii

247 3220 443 3301 atque
498 3217 654 3284 artis
707 3218 780 3282 in
830 3220 935 3284 tot
994 3216 1333 3284 hominum
1386 3217 1691 3300 cuiusque
1746 3214 1922 3279 modi
1983 3215 2157 3280 vitiis

243 3496 267 3552 1
390 3430 591 3554 13‚B52.
661 3428 715 3483 si
748 3442 886 3498 quae
920 3441 984 3496 p.
1032 3426 1087 3495 (2
1125 3424 1284 3482 Grut.
1322 3423 1464 3494 cdd„
1499 3422 1654 3492 Eril).
1728 3422 1782 3478 ci
1814 3438 1926 3493 qua
1952 3437 2016 3492 p.
2052 3420 2157 3476 Pa·

268 3512 420 3568 erm„
507 3539 520 3554 .

2083 3622 2198 3636 nn*
