2338 3691
684 128 1204 184 EPISTOLARUM
1240 116 1401 182 XVI·
1446 132 1669 185 10-12.
1964 133 2127 241 ...2341

207 274 313 341 cui
357 295 559 359 quum
605 295 904 359 cuperem
946 273 1189 339 mederi
1234 275 1327 357 et,
1379 276 1460 346 ,ut
1505 275 1811 360 arbitror,
1854 297 2128 361 possem,

208 363 595 448 cupiditates
640 366 962 428 certorum
1005 363 1343 428 hominum
1390 398 1476 410 --
1521 385 1674 428 nam
1719 385 1799 428 ex
1854 368 2125 448 utraque

208 455 392 537 parte
448 455 627 534 sunt,
692 451 803 535 qui
860 472 1153 537 pugnare
1219 451 1483 535 cupiant
1528 488 1612 499 —
1666 452 2123 536 impedimento

207 540 370 605 mihi
396 540 679 606 fuerunt.
751 538 1031 606 Omnino
1060 544 1127 605 et
1160 539 1301 623 ipse
1328 537 1583 624 Caesar,
1608 541 1852 606 amicus
1886 544 2126 623 noster,

208 628 494 693 minaces
550 628 633 693 ad
688 632 985 693 senatum
1029 632 1098 694 et
1140 629 1403 694 acerbas
1457 629 1708 694 litteras
1751 630 2015 695 miserat
2060 634 2126 694 et

206 720 351 782 crat
395 717 607 782 adhuc
651 716 1010 802 impudens,
1055 717 1166 801 qui
1212 717 1563 782 exercitum
1618 722 1686 783 et
1727 718 2124 803 provinciam

209 806 417 871 invito
465 809 695 870 senatu
738 809 1015 890 teneret,
1069 807 1136 870 et
1182 803 1374 871 Curio
1428 828 1609 872 meus
1661 807 1846 873 illum
1898 808 2122 872 incita-

209 894 352 977 bat3
403 892 734 960 Antonius
789 894 1046 979 quidem
1100 897 1324 959 noster
1376 899 1445 960 et
1494 893 1568 971 Q.
1623 893 1882 961 Cassius
1942 897 2124 961 nulla

209 983 278 1047 vi
323 983 571 1066 expulsi
615 982 698 1047 ad
735 980 1074 1048 Caesarem
1113 1004 1262 1047 cum
1290 981 1568 1049 Curione
1601 985 1878 1068 profecti
1922 989 2124 1069 erant,

211 1074 633 1155 posteaquam
686 1074 948 1136 senatus
994 1072 1393 1156 consulibus,
1436 1073 1866 1157 praetoribus,
1921 1074 2122 1139 tribu·

210 1159 316 1223 nis
361 1160 447 1244 pl.
492 1162 560 1224 et
599 1160 807 1244 nobis,
853 1161 964 1244 qui
997 1182 1118 1245 pro
1156 1182 1318 1226 coss.
1356 1183 1595 1245 sumus,
1639 1162 1974 1247 negotium
2019 1162 2124 1227 de-

213 1248 413 1331 derat,
456 1251 531 1312 ut
575 1270 960 1333 curaremus,
1003 1269 1087 1313 ne
1126 1249 1281 1332 quid
1316 1271 1418 1314 res
1454 1250 1714 1334 publica
1756 1249 2125 1315 detrimenti

207 1341 494 1421 caperet:
548 1358 903 1422 numquam
954 1337 1198 1402 maiore
1251 1338 1324 1402 in
1367 1339 1651 1422 periculo
1711 1340 1936 1404 civitas
1980 1340 2124 1424 fuit,

208 1447 565 1509 numquam
609 1426 889 1509 improbi
941 1426 1111 1492 cives
1155 1426 1528 1492 habuerunt
1577 1429 1969 1512 paratiorem
2011 1428 2123 1492 du·

208 1535 366 1578 cem.
458 1513 739 1580 Omnino
796 1536 874 1579 ex
916 1515 1042 1580 hac
1097 1535 1352 1599 quoque
1405 1519 1590 1600 parte
1635 1516 2124 1602 diligentissime

208 1607 649 1687 comparatur:
713 1602 780 1668 id
840 1603 917 1668 fit
979 1604 1365 1668 auctoritate
1428 1607 1496 1669 et
1557 1605 1769 1671 studio
1833 1604 2124 1689 Pompeii

209 1693 444 1776 nostri,
507 1692 618 1775 qui
682 1689 1021 1757 Caesarem
1084 1713 1227 1758 sero
1292 1694 1507 1777 coepit
1565 1694 1810 1760 timere.
1915 1692 2123 1759 Nobis

209 1780 380 1844 inter
432 1780 552 1845 has
605 1780 830 1845 turbas
878 1784 1140 1845 senatus
1184 1783 1406 1847 tamen
1449 1782 1753 1867 frequens
1804 1782 2124 1870 flagitavit

208 1870 637 1954 triumphum3
691 1870 802 1935 sed
848 1869 1162 1935 Lentulus
1210 1872 1461 1955 consul,
1509 1893 1636 1956 quo
1682 1872 1890 1938 maius
1935 1894 2124 1938 suum

210 1958 593 2024 beneficium
656 1959 924 2042 faceret,
996 1959 1188 2024 simul
1256 1963 1449 2044 atque
1513 1961 1897 2046 expedisset,
1958 1983 2123 2046 quae

209 2051 428 2112 essent
469 2047 832 2113 necessaria
877 2048 954 2113 de
999 2070 1069 2113 re
1114 2048 1391 2134 publica,
1435 2049 1597 2114 dixit
1640 2071 1710 2114 se
1753 2051 2121 2115 relaturum.

208 2133 349 2200 Nos
413 2136 665 2220 agimus
718 2137 883 2201 nihil
936 2136 1165 2221 cupide
1221 2158 1421 2221 eoque
1475 2142 1576 2203 est
1636 2142 1863 2204 nostra
1918 2140 2124 2223 pluris

212 2224 581 2288 auctoritas.
669 2223 894 2290 Italiae
947 2225 1247 2311 regiones
1303 2227 1658 2311 descriptae
1703 2230 1883 2310 sunt,
1929 2248 2124 2310 quam

210 2311 481 2396 quisque
526 2315 777 2396 partem
829 2316 1143 2379 tueretur:
1198 2336 1319 2380 nos
1373 2312 1662 2399 Capuam
1718 2315 2124 2399 sumpsimus,

206 2399 390 2465 Haec
435 2403 501 2465 te
547 2400 710 2465 scire
764 2402 955 2467 volui.
1047 2403 1147 2468 Tu
1203 2404 1399 2468 etiam
1452 2406 1645 2487 atque
1700 2405 1895 2469 etiam
1953 2424 2124 2488 cura,

206 2492 284 2553 ut
328 2490 544 2555 valeas
589 2489 965 2575 litterasque
1023 2490 1104 2555 ad
1158 2512 1261 2556 me
1306 2493 1527 2557 mittas
1537 2528 1564 2575 ,—
1599 2493 2123 2577 quotiescumque

206 2577 497 2730 ffizbeblis,
541 2579 646 2643 cui
691 2578 819 2644 des.
911 2578 1134 2644 Etiam
1181 2583 1374 2665 atque
1418 2581 1615 2646 etiam
1654 2582 1813 2648 vale.
1902 2581 1981 2648 D.
2026 2604 2122 2666 pr.

287 2688 363 2731 us
443 2688 548 2732 an.

1093 2844 1241 2910 XII.

427 2946 542 3002 Ser.
580 2946 809 3017 Capuae
843 2947 937 3002 IV.
976 2948 1100 3003 Kal.
1138 2949 1474 3005 Februarias
1512 2965 1562 3004 a.
1599 2967 1652 3005 u.
1691 2966 1738 3005 o.
1779 2953 1896 3005 705.

632 3056 977 3126 ‘TULLIUS
1018 3072 1070 3127 s.
1109 3072 1175 3126 D.
1216 3073 1472 3129 TIRONI
1510 3073 1662 3129 suo.

344 3157 484 3235 Quo
531 3161 601 3224 in
648 3161 1013 3227 discrimine
1059 3168 1349 3230 versetur
1405 3167 1577 3230 salus
1623 3186 1768 3230 mea
1813 3169 1879 3230 et
1920 3165 2120 3231 bono·
2164 3186 2190 3233 1

203 3268 354 3310 rum
410 3249 699 3314 omnium
756 3254 948 3336 atque
1002 3253 1340 3318 universae
1394 3254 1487 3317 rei
1539 3251 1860 3339 publicae,
1915 3275 1994 3317 ex
2046 3275 2121 3318 eo

351 3403 456 3474 Ep.
499 3413 581 3475 11,
611 3413 660 3463 2.
733 3409 1032 3475 incitabat;
1077 3410 1212 3464 Ant.
1254 3410 1349 3476 (W
1351 3412 1404 3479 .).
1476 3409 1761 3465 incitabat.
1815 3409 1887 3462 A.
1933 3408 2120 3477 vulgo.

203 3480 258 3531 3.
317 3475 618 3547 descriptae
654 3479 816 3550 (M2).
889 3482 1052 3536 discr.
1089 3481 1211 3551 Ml,
1248 3481 1310 3536 Β.
