2338 3691
676 153 1194 211 EPISTOLARUM
1230 155 1301 210 11.
1345 161 1426 210 12.
1467 161 1550 211 13.
1633 128 1644 133 '⁷
1990 153 2078 217 49

1026 404 1210 472 XIII.

249 513 349 569 Scr.
383 515 693 572 Laodiceae
730 517 877 571 inter
912 515 1038 571 Kal.
1077 519 1137 572 et
1169 517 1365 572 Nonas
1401 515 1583 572 Maias
1621 533 1671 572 a.
1709 532 1764 571 u.
1803 532 1850 571 c.
1892 520 2012 571 704.

314 639 381 693 M.
418 640 680 698 CICERO
717 643 865 698 IMP.
897 643 949 698 S.
979 642 1046 698 D.
1074 641 1149 696 M.
1189 639 1451 697 CAELIO
1488 634 1740 696 AEDILI
1777 639 1937 697 CUR.

304 738 498 806 Baras
551 745 706 807 tuas
761 743 1019 827 quidem
1065 778 1149 788 —
1194 741 1470 807 fortasse
1525 741 1699 806 enim
1751 763 1890 807 non
1941 764 2084 827 per·
2123 754 2153 804 1

193 826 457 894 feruntur
501 864 589 878 —-
600 881 620 915 ,
675 831 793 897 sed·
842 852 1070 897 suaves
1125 830 1370 914 accipio
1424 830 1703 915 litteraS,
1765 831 1867 896 vel
1922 853 2086 916 quas

194 917 447 1000 proxime
503 941 905 1004 acceperam,
960 941 1154 1005 quam
1206 918 1581 1004 prudentes!
1648 941 1842 1004 quam
1895 920 2086 985 multi

194 1008 249 1068 et
294 1006 479 1072 officii
534 1012 606 1074 et
661 1010 939 1075 consilii!
1012 1009 1134 1073 etsi
1190 1008 1410 1074 omnia
1468 1008 1561 1073 sic
1622 1009 2085 1074 constitueram

195 1093 328 1159 mihi
369 1097 641 1183 agenda,
684 1101 762 1163 ut
801 1102 877 1163 tu
915 1097 1328 1182 admonebas,
1362 1100 1585 1162 tamen
1620 1097 2087 1164 confirmantur

194 1186 389 1248 nostra
412 1187 707 1272 consilia,
744 1206 943 1272 quum
979 1187 1293 1252 sentimus
1328 1186 1755 1272 prudentibus
1782 1186 2083 1252 fideliter-

192 1290 296 1354 que
336 1274 758 1342 suadentibus
810 1276 982 1341 idem
1035 1275 1256 1341 videri.
1344 1273 1492 1361 Ego
1547 1273 1835 1361 Appium
1881 1312 1965 1323 —
2012 1278 2088 1340 ut
2123 1287 2156 1336 2

190 1381 354 1446 saepe
393 1366 618 1430 tecum
659 1365 915 1432 locutus
952 1388 1094 1431 sum
1132 1401 1217 1412 —
1254 1364 1442 1429 valde
1488 1363 1687 1449 diligo
1734 1385 1962 1448 meque
2002 1364 2085 1429 ab

192 1469 255 1513 eo
294 1450 468 1538 diligi
512 1454 742 1519 stafim
785 1458 1087 1540 coeptum
1131 1475 1290 1538 esse,
1333 1456 1410 1518 ut
1454 1453 1849 1518 simultatem
1893 1453 2086 1538 depo-

195 1538 424 1625 suimus,
470 1542 671 1627 sensi,
714 1564 869 1609 nam
915 1547 981 1608 et
1017 1542 1413 1608 honorificus
1450 1542 1522 1607 in
1557 1563 1661 1606 me
1699 1543 1925 1607 consul
1961 1542 2089 1606 fuit

194 1629 248 1690 et
285 1630 488 1696 suavis
530 1632 778 1697 amicus
816 1636 882 1697 et
919 1631 1245 1698 studiosus
1283 1631 1644 1697 studiorum
1679 1631 1875 1696 etiam
1915 1653 2088 1697 meo-

195 1734 336 1801 rum3
385 1740 535 1786 mea
581 1742 734 1787 vero
782 1721 997 1787 officia
1041 1721 1102 1786 ei
1145 1743 1281 1786 non
1327 1720 1604 1785 defuisse
1647 1723 1723 1784 tu
1769 1741 1836 1784 es
1879 1721 2086 1807 testis,

195 1806 279 1869 cui
311 1807 436 1873 iam
482 1804 781 1889 κωμικὸς
808 1808 1084 1891 μάρτυς,
1130 1812 1207 1875 ut
1244 1810 1493 1895 opinor,
1538 1808 1785 1875 accedit
1818 1807 2089 1894 Phania,

194 1897 248 1958 et
283 1897 644 1962 mehercule
690 1897 889 1962 etiam
930 1898 1136 1983 pluris
1182 1920 1329 1964 eum
1372 1899 1515 1983 feci,
1562 1898 1732 1983 quod
1778 1902 1843 1963 te
1886 1899 2088 1964 amari

194 1983 259 2047 ab
294 2006 363 2051 eo
402 1986 598 2052 sensi.
669 1984 812 2051 Iam
848 2008 951 2052 me
977 1986 1271 2072 Pompeii
1303 1991 1517 2053 totum
1553 2009 1693 2053 esse
1731 1988 1880 2072 scis;
1925 1987 2088 2053 Bru·

194 2072 312 2137 tum
365 2096 405 2140 a
458 2096 566 2140 me
631 2076 835 2140 amari
893 2076 1230 2163 intelligis:
1296 2077 1450 2162 quid
1504 2080 1628 2141 est¹
1664 2098 1920 2161 causae,
1975 2099 2089 2142 cur

192 2161 328 2227 mihi
371 2185 509 2230 non
555 2164 628 2228 in
673 2165 914 2249 optatis
961 2166 1047 2231 sit
1091 2165 1431 2251 complecti
1483 2166 1813 2231 hominem
1856 2166 2089 2233 floren-

192 2249 306 2315 tem
348 2256 582 2338 aetate,
628 2254 886 2339 opibus,
929 2254 1307 2341 honoribuS,
1349 2254 1634 2341 ingeniO,
1676 2255 1895 2320 liberis
1940 2278 2087 2341 pro·

189 2338 428 2426 pinquis
477 2341 785 2408 affinibus
823 2343 1063 2429 amicis,
1110 2345 1425 2430 collegam
1461 2366 1676 2409 meum
1710 2346 2089 2429 praesertim

191 2429 248 2490 et
283 2429 351 2494 in
393 2431 541 2516 ipsa
586 2431 844 2518 collegii
884 2432 1076 2498 laude
1114 2437 1181 2498 et
1217 2434 1488 2499 scientia
1523 2433 1882 2498 studiosum
1917 2433 2088 2498 mei‘?

190 2512 331 2583 haec
384 2541 463 2585 eo
519 2520 814 2604 pluribus
868 2522 1122 2608 scripsi,
1187 2522 1360 2607 quod
1421 2522 1581 2587 mihi
1636 2522 2093 2610 significabant

190 2605 322 2671 tuae
363 2608 622 2673 litterae
668 2609 1085 2676 subdubitare
1130 2616 1210 2693 te,
1267 2633 1395 2696 qua
1439 2633 1645 2698 essem
1698 2633 1854 2698 erga
1906 2612 2091 2677 illum

190 2694 524 2762 voluntate.
625 2695 831 2764 Credo
892 2703 958 2764 te
1023 2701 1278 2767 audisse
1342 2701 1610 2786 aliquid:
1673 2701 1911 2766 falsum
1976 2704 2092 2785 est,

191 2783 333 2849 mihi
377 2786 581 2871 crede,
626 2787 682 2852 si
728 2787 883 2872 quid
929 2790 1183 2855 audisti.
1274 2788 1490 2856 Genus
1534 2790 1979 2855 institutorum
2026 2793 2093 2855 et

192 2873 499 2939 rationum
534 2897 826 2941 mearum
863 2877 1449 2944 dissimilitudinem
1484 2880 1867 2945 nonnullam
1892 2879 2094 2944 habet

192 2978 323 3026 eum
373 2964 545 3030 illius
610 2965 1169 3034 administratione
1224 2968 1619 3053 provinciae:
1683 2990 1762 3033 ex
1817 2989 1892 3033 eo
1954 2968 2091 3053 qui·

197 3044 329 3115 dam
373 3054 679 3138 suspicati
723 3054 1002 3121 fortasse
1049 3060 1205 3121 sunt
1250 3058 1613 3123 animorum
1657 3057 2092 3142 contentione,

195 3154 316 3202 non
370 3142 748 3226 opinionum
805 3144 1203 3211 dissensione
1258 3167 1361 3211 me
1426 3147 1507 3211 ab
1572 3167 1648 3212 eo
1705 3145 2093 3231 discrepare3

194 3224 344 3291 nihil
391 3227 602 3296 autem
644 3232 773 3296 feci
815 3256 1124 3319 umquam
1168 3236 1403 3320 neque‘
1435 3235 1592 3320 dixi,
1648 3234 1819 3318 quod
1865 3238 2093 3299 contra

323 3436 421 3508 Ep.
462 3448 544 3510 13,
575 3448 624 3497 2.
697 3445 844 3513 quod
879 3445 1015 3499 mihi
1049 3445 1190 3514 siqu.
1231 3445 1447 3513 (margo
1485 3442 1600 3511 M.).
1672 3457 1722 3511 q.
1760 3440 1903 3494 nim
1938 3453 1979 3491 s.
2016 3435 2090 3488 M.

200 3517 242 3570 a·
274 3522 384 3563 non
413 3514 552 3567 nihil
586 3528 628 3567 s.
668 3513 754 3582 v.‚
793 3515 855 3570 B.
1161 3530 1171 3538 ·
1597 3545 1602 3548 -

298 3594 510 3642 Ciceronis
537 3602 667 3651 epist.
694 3604 731 3643 Ι.
1637 3602 1670 3647 4
