2338 3691
211 162 345 226 614
778 159 852 213 M,
891 159 1137 215 TULLII
1173 157 1554 213 CICERONIS

909 372 1086 439 xlv.
1153 369 1302 460 [xv
1330 368 1416 460 b.]

214 479 328 537 sor.
366 480 574 535 Romae
611 494 801 535 mense
839 476 1111 543 Quinctili
1157 476 1272 544 (VI.
1310 476 1436 531 Kal.
1474 475 1623 532 Sext.
1636 478 1685 545 2)
1735 490 1788 530 a.
1824 492 1877 530 u.
1916 490 1965 531 ο.
2006 480 2123 531 7002

421 583 754 639 MARCUS
791 579 1103 654 QUINTO
1138 580 1465 637 FRATRI
1496 581 1911 637 SALUTEM.

160 693 185 736 ι
344 673 607 741 Calamo
670 676 843 740 bono
907 677 977 739 et
1020 676 1380 738 atramento
1442 675 1802 758 temperato
1817 723 1835 757 ,
1899 672 2125 739 charta

213 763 408 828 etiam
470 764 762 847 dentata,
825 784 926 828 res
991 765 1247 848 agetur3
1310 759 1534 826 scribis
1599 761 1772 826 enim
1824 764 1892 825 te
1947 783 2124 827 meas

217 853 461 916 litteras
507 854 864 937 superiores
909 851 1017 915 vix
1061 852 1275 935 legere
1319 850 1626 935 potuisse,
1669 851 1741 913 in
1786 871 1914 934 quo
1959 850 2125 915 nihil

213 961 452 1025 eorum,
496 942 586 1004 mi
630 940 849 1024 frater,
890 939 1036 1023 fuit,
1079 959 1244 1023 quae
1280 942 1501 1023 putas,
1546 959 1752 1023 neque
1799 938 1974 1003 enim
2024 961 2125 1004 oc-

213 1030 483 1113 cupatus
532 1050 707 1094 eram
750 1048 959 1113 neque
1012 1028 1426 1111 perturbatus
1482 1047 1602 1091 nec
1654 1027 1856 1091 iratus
1915 1027 2125 1110 alicui,

214 1118 324 1182 sed
370 1117 496 1183 hoc
555 1117 724 1183 facio
781 1133 1057 1201 semper,
1119 1118 1221 1200 ut,
1283 1115 1644 1200 quicunque
1708 1116 1996 1181 calamus
2058 1117 2124 1180 in

213 1227 442 1272 manus
488 1226 662 1271 meas
708 1204 982 1289 venerit,
1044 1224 1122 1270 eo
1178 1204 1271 1268 sic
1312 1206 1487 1288 utar,
1540 1206 1870 1288 tamquam
1932 1203 2125 1270 bono.

163 1314 190 1354 ε
216 1293 461 1360 Verum
508 1294 769 1360 attende
814 1313 1006 1377 nunc,
1052 1293 1141 1357 mi
1186 1292 1428 1376 optime
1474 1295 1542 1357 et
1576 1292 1951 1359 suavissime
1995 1293 2123 1357 fra-

212 1387 338 1467 ter,
392 1384 476 1448 ad
531 1404 607 1447 ea
670 1382 824 1448 dum
875 1381 1184 1464 rescribe,
1247 1402 1411 1465 quae
1473 1384 1547 1446 tu
1609 1382 1681 1446 in
1732 1381 1856 1446 hac
1903 1381 2122 1446 eadem

212 1472 391 1537 brevi
429 1472 700 1556 epistola
736 1470 1201 1556 πραγματικῶς
1234 1469 1421 1534 valde
1459 1470 1788 1554 scripsisti.
1858 1469 1960 1535 De
1997 1493 2123 1555 quo

212 1559 380 1644 petis
432 1564 508 1626 ut
553 1559 634 1626 ad
692 1563 758 1623 te
820 1558 987 1623 nihil
1049 1559 1407 1642 occultans,
1467 1557 1634 1623 nihil
1695 1557 2125 1642 dissimulans„

212 1648 377 1713 nihil
421 1649 543 1713 tibi
585 1647 930 1733 indulgens
975 1647 1256 1732 genuine
1303 1646 1714 1731 fraterneque
1759 1648 2126 1730 rescribam,

212 1737 279 1801 id
327 1739 442 1821 est,
483 1739 703 1802 utrum
738 1738 781 1816 †
808 1736 983 1802 voles
1027 1737 1104 1799 ut
1147 1735 1492 1800 dixerimus
1536 1735 1618 1799 ad
1660 1734 2123 1819 expediendum

212 1829 298 1910 te,
342 1826 397 1890 si
442 1847 637 1892 causa
682 1824 796 1910 sit,
849 1845 1258 1891 commorere.
1350 1821 1444 1909 Si,
1488 1824 1578 1889 mi
1624 1821 1880 1910 Quinte,
1924 1847 2126 1909 parva

215 1914 430 1997 aliqua
483 1934 586 1977 res
641 1917 834 1997 esset,
887 1914 958 1978 in
1012 1935 1140 1997 qua
1175 1912 1614 1997 sciscitarere,
1668 1913 1821 1998 quid
1876 1914 2127 1998 vellem,

210 2004 459 2085 tamen,
524 2022 722 2085 quum
774 2002 896 2066 tibi
950 2002 1376 2086 permissurus
1441 2022 1671 2086 essem,
1734 2005 1808 2065 ut
1858 2002 2127 2086 faceres,

214 2088 385 2173 quod
429 2090 653 2174 velles,
699 2110 849 2175 eg0,
894 2090 1033 2173 ipse
1078 2089 1233 2174 quid
1276 2089 1533 2173 vellem,
1580 2089 2010 2174 ostenderem3
2056 2092 2128 2155 in

211 2177 336 2241 hac
378 2197 530 2242 vero
575 2199 645 2242 re
689 2177 815 2242 hoc
858 2177 1149 2262 profecto
1198 2178 1476 2263 quaeris,
1531 2178 1886 2244 cuiusmodi
1941 2179 2125 2243 illum

214 2286 485 2350 annum,
545 2267 653 2352 qui
708 2266 1020 2350 sequitur,
1073 2269 1463 2350 exspectem:
1527 2270 1641 2331 aut
1701 2268 1893 2352 plane
1947 2272 2127 2332 tran-

213 2354 484 2437 quillum
528 2354 718 2420 nobis
773 2357 887 2419 aut
929 2357 1100 2419 certe
1154 2354 1653 2419 munitissimum
1667 2405 1686 2439 ,
1739 2357 1911 2440 quod
1968 2379 2127 2440 quo-

210 2442 367 2507 tidie
413 2443 660 2526 domus,
704 2442 877 2527 quod
919 2441 1162 2526 forum,
1207 2442 1379 2527 quod
1423 2443 1663 2509 theatri
1708 2443 2130 2529 significatio·

211 2550 327 2595 nes
365 2528 720 2613 declarant3
763 2551 885 2595 nec
908 2531 951 2609 †
979 2530 1298 2615 laborant,
1343 2531 1515 2615 quod
1550 2552 1696 2597 mea
1731 2532 2130 2598 confidentia

210 2617 541 2702 copiarum
585 2622 980 2684 nostrarum:
1036 2619 1206 2702 quod
1252 2616 1571 2703 Caesaris,
1616 2620 1789 2704 quod
1831 2620 2129 2705 Pompeii

211 2706 489 2791 gratiam
540 2708 864 2790 tenemus,
925 2706 1087 2771 haec
1139 2727 1270 2791 me,
1322 2711 1399 2774 ut
1451 2708 1795 2793 confidam,
1844 2708 2129 2793 faciunt3

351 2862 454 2934 Ep.
497 2869 580 2933 14,
611 2870 658 2920 1.
733 2863 958 2920 Galama
992 2865 1132 2921 bono
1166 2870 1218 2920 et
1252 2870 1357 2921 atr.
1410 2866 1562 2936 (W.).
1653 2866 1710 2923 0.
1750 2872 1802 2923 ot
1835 2884 1888 2923 α.
1933 2867 2127 2937 um,

208 2932 398 3003 vulgo.
471 2938 521 2988 2.
577 2939 766 2990 utrum
797 2939 836 3002 †
864 2935 1007 2991 voles
1041 2940 1106 2991 ut
1140 2935 1443 2993 dixerimus
1477 2938 1554 2992 ad
1591 2953 1710 3008 exp.
1750 2937 1955 3006 (MEL,
1994 2938 2128 3007 W.).

207 3006 246 3069 †
280 3020 335 3057 u.
373 3020 423 3057 v.
459 3008 524 3058 ut
557 3004 612 3060 d.
651 3005 727 3060 ad
760 3021 802 3060 e.
840 3005 904 3060 B.
994 3011 1185 3062 utrum
1220 3007 1437 3063 advoles
1491 3007 1667 3076 (Sch.,
1705 3009 1804 3064 sed
1839 3008 1890 3064 is
1925 3026 1982 3064 u.
2020 3010 2129 3065 huc

208 3074 384 3142 adm),
419 3078 484 3128 ut
517 3073 742 3130 dixeras
797 3076 933 3143 (W.;
973 3092 1062 3144 an,
1099 3078 1166 3131 ut
1203 3076 1352 3148 Sch.,
1389 3078 1662 3149 dixeris&
1708 3095 1786 3135 an
1821 3080 1897 3135 ad
1932 3080 2127 3148 (Mam,

210 3141 358 3211 Sch.)
397 3160 521 3214 exp.
557 3174 630 3186 —-
665 3151 766 3201 aut
795 3147 964 3215 plane
1000 3147 1150 3217 (W.).
1216 3148 1299 3218 pl.
1338 3153 1439 3203 aut
1471 3149 1659 3219 MRL,
1696 3150 1883 3221 vulg0.
1920 3180 1993 3192 ·-
2028 3168 2129 3206 nec

206 3215 246 3275 †
280 3213 537 3268 laborant
571 3216 718 3284 quod
750 3233 869 3272 mea
904 3218 1235 3285 conflictantia
1269 3235 1314 3275 c.
1360 3224 1701 3276 nostram.-
1746 3222 1894 3292 quod
2052 3226 2126 3278 te·

206 3295 411 3346 nemus,
447 3283 578 3336 haec
616 3285 767 3354 (W.).
838 3302 936 3342 nec
970 3293 1048 3343 est
1082 3289 1189 3343 tibi
1223 3289 1586 3346 laborandum
1626 3291 1739 3361 (vel
1772 3308 1871 3347 noc
1905 3292 2012 3349 tibi
2046 3294 2127 3349 la·

207 3347 583 3420 boramdwmut)
620 3354 687 3410 de
712 3371 832 3412 mea
857 3359 1050 3426 confid.
1080 3359 1194 3427 (W.
1209 3379 1232 3425 ;
1267 3360 1631 3418 laborandum
1657 3361 1772 3417 iam
1800 3362 1891 3419 Or.
1921 3364 2126 3434 coam?

204 3430 303 3468 ΜΟ
335 3419 374 3481 'l'
410 3419 693 3488 laborant,
744 3428 893 3495 quod
925 3443 1044 3483 mea
1078 3430 1411 3487 conscientia
1458 3433 1559 3501 (sic
1594 3432 1783 3504 MRI,
1820 3434 1920 3490 sed
1954 3435 1998 3490 I.
2032 3451 2125 3492 ne·

205 3484 327 3552 que)
363 3498 409 3540 ο.
443 3502 524 3554 n„
559 3493 706 3558 quod
866 3502 1117 3555 manus.
1175 3500 1334 3558 Haec
1366 3502 1432 3558 B.

106 3600 291 3624 Ab*
