2338 3691
784 99 1321 182 'EPISTOLARUM
1359 102 1399 155 1.
1441 107 1488 154 τ.
1526 106 1577 155 e.
2070 100 2151 163 15

1103 349 1285 415 VIII.

566 462 682 518 Scr.
710 462 920 518 Romae
948 479 1137 517 mense
1164 463 1425 517 Ianuano
1454 479 1503 517 a.
1532 479 1586 517 u.
1616 430 1668 517 c..
1692 467 1813 518 699.

502 587 580 642 M.
618 585 871 642 CICERO
912 585 965 641 S.
1003 587 1069 640 D.
1108 587 1168 641 P.
1208 584 1551 642 LENTULO
1588 585 1880 650 PROCOS.

365 686 468 752 De
516 686 815 751 omnibus
860 686 1079 770 rebuS,
1133 708 1297 771 quae
1344 687 1426 752 ad
1480 691 1544 752 te
1590 688 1943 772 pertinent,
1998 686 2151 771 quid

227 779 470 859 actum,
518 775 672 858 quid
719 775 1141 840 constitutum
1189 776 1299 859 sit,
1355 776 1505 860 quid
1550 775 1894 860 Pompeius
1942 796 2149 840 susce·

226 864 430 948 perit,
487 863 726 947 optime
784 885 859 928 ex
903 862 991 927 M.
1035 862 1359 929 Plaetorio
1416 885 1793 949 cognosces,
1854 864 1963 948 qui
2015 885 2151 929 non

229 954 450 1018 solum
492 950 791 1016 interfuit
832 951 935 1017 his
980 952 1193 1036 rebuS,
1238 953 1349 1017 sed
1396 953 1590 1018 etiam
1626 953 1908 1037 praefuit
1943 973 2151 1037 neque

228 1042 442 1106 ullum
488 1040 773 1105 officium
827 1061 983 1125 erga
1035 1044 1100 1105 te
1154 1041 1437 1106 hominis
1498 1041 1948 1125 amantissimi,
2002 1063 2150 1125 pru-
2245 1096 2256 1104 .

231 1129 623 1212 dentissimi,
688 1129 1163 1214 diligentissimi
1216 1131 1663 1214 praetermisit.
1762 1129 1864 1194 Ex
1927 1129 2151 1194 eodem

232 1218 314 1282 de
360 1221 504 1282 toto
561 1219 736 1281 statu
789 1239 1007 1281 rerum
1062 1219 1497 1282 communium
1552 1239 1929 1304 cognosces3
1971 1239 2150 1302 quae

233 1307 460 1390 quales
515 1306 674 1389 sint,
728 1328 864 1371 non
917 1306 1106 1370 facile
1163 1311 1263 1371 est
1317 1307 1618 1371 scribere:
1683 1311 1837 1371 sunt
1895 1306 2153 1389 quidem

234 1397 409 1460 certe
456 1394 527 1457 in
573 1395 924 1459 amicorum
968 1399 1340 1460 nostrorum
1394 1398 1742 1479 potestate,
1798 1396 1988 1477 atque
2042 1395 2153 1477 ita,

238 1486 317 1546 ut
341 1483 586 1546 nullam
612 1483 1039 1548 mutationem
1074 1505 1384 1568 umquam
1419 1483 1542 1547 hac
1579 1483 1915 1548 hominum
1943 1484 2153 1546 aetate

239 1571 542 1634 habitura
587 1592 690 1635 res
737 1592 876 1635 esse
921 1571 1230 1636 videatur.
1320 1570 1465 1657 Ego
1514 1572 1788 1656 quidem,
1832 1573 1906 1636 ut
1951 1570 2151 1634 debeo

239 1663 311 1723 et
363 1663 437 1722 ut
482 1662 624 1723 tute
680 1659 839 1723 mihi
890 1660 1275 1743 praecepisti
1330 1664 1395 1724 et
1437 1663 1513 1724 ut
1565 1682 1666 1724 me
1721 1660 1928 1744 pietas
1984 1659 2152 1723 utili-

243 1751 466 1830 tasque
514 1747 708 1832 cogit,
753 1769 855 1812 me
893 1747 974 1812 ad
1011 1749 1147 1812 eius
1185 1749 1467 1813 rationes
1505 1748 1808 1833 adiungo,
1854 1769 2044 1832 quem
2081 1752 2154 1811 tu

239 1837 309 1900 in
356 1836 514 1900 meis
561 1836 923 1902 rationibus
975 1836 1098 1901 tibi
1152 1859 1290 1902 esse
1345 1836 1826 1922 adiungendum
1883 1836 2154 1921 putasti3

238 1924 355 1989 sed
398 1928 465 1989 te
509 1946 645 1989 non
690 1926 1022 2009 praeterit,
1079 1947 1274 2013 quam
1329 1926 1414 1989 sit
1467 1925 1725 1989 difficile
1781 1947 2041 1989 sensum
2083 1925 2155 1988 in

236 2035 308 2076 re
357 2012 642 2096 publica,
695 2014 1074 2097 praesertim
1118 2016 1365 2078 rectum
1410 2016 1476 2077 et
1521 2014 1995 2097 confirmatum,
2050 2013 2153 2077 de·

237 2122 501 2185 ponere.
597 2100 1063 2165 Verumtamen
1125 2102 1264 2185 ipse
1327 2123 1428 2166 me
1493 2102 1826 2167 conformo
1882 2102 1964 2166 ad
2019 2102 2155 2166 eius

238 2190 673 2273 voluntatem,
725 2210 768 2253 a
813 2211 940 2274 quo
985 2190 1258 2257 honeste
1305 2189 1638 2255 dissentire
1694 2212 1831 2256 non
1875 2212 2157 2275 possum,

237 2298 451 2361 neque
498 2277 564 2341 id
607 2277 796 2361 facio,
839 2282 916 2341 ut
949 2278 1227 2343 forsitan
1266 2278 1648 2362 quibusdam
1682 2279 1919 2363 videar,
1965 2280 2155 2343 simu·

237 2366 532 2451 latione,
567 2368 825 2430 tantum
869 2367 1042 2430 enim
1097 2367 1297 2431 animi
1340 2368 1628 2432 inductio
1685 2370 1751 2431 et
1793 2367 2155 2432 mehercule

240 2476 427 2519 amor
471 2475 627 2540 erga
671 2453 1049 2540 Pompeium
1094 2456 1265 2539 apud
1311 2477 1414 2520 me
1458 2457 1656 2540 valet,
1701 2460 1799 2540 ut,
1855 2478 2017 2540 quae
2063 2455 2157 2519 illi

239 2543 430 2607 utilia
476 2547 631 2607 sunt
675 2547 741 2607 et
785 2564 947 2627 quae
992 2544 1102 2607 ille
1147 2544 1304 2628 vult,
1349 2565 1426 2608 ea
1459 2544 1618 2608 mihi
1656 2545 1873 2611 omnia
1917 2545 2047 2609 iam
2093 2547 2158 2607 et

237 2635 421 2695 recta
484 2635 550 2695 et
608 2653 761 2696 vera
822 2632 1187 2717 videantur,
1250 2653 1485 2718 neque,
1548 2636 1623 2697 ut
1686 2655 1807 2719 ego
1864 2633 2157 2715 arbitror,

240 2723 537 2784 errarent
579 2742 665 2784 ne
711 2719 1059 2785 adversarii
1105 2721 1362 2805 quidem
1408 2721 1561 2806 ciue,
1607 2722 1680 2805 si,
1725 2743 1923 2805 quum
1968 2741 2155 2804 pares

240 2829 384 2872 esse
429 2830 564 2874 non
608 2811 897 2893 possent,
939 2830 1232 2894 pugnare
1278 2809 1675 2874 desisterent.
1747 2808 1854 2873 Me
1901 2808 2157 2892 quidem

238 2897 442 2961 etiam
485 2896 599 2961 illa
643 2918 747 2961 res
794 2898 1181 2981 consolatur,
1227 2898 1399 2982 quod
1443 2919 1564 2984 ego
1610 2899 1666 2962 is
1713 2920 1872 2981 sum,
1918 2898 2021 2962 cui
2056 2899 2159 2962 vel

238 2984 519 3049 maxime
557 2985 917 3050 concedant
953 3007 1195 3071 omneS,
1237 2990 1313 3051 ut
1348 2987 1450 3052 vel
1486 3008 1562 3051 ea
1599 2986 1957 3069 defendam,
1994 3008 2157 3071 quae

237 3073 588 3157 Pompeius
633 3074 807 3158 velit,
850 3074 954 3139 vel
995 3077 1248 3139 taceam
1291 3076 1394 3140 vel
1432 3075 1644 3158 etiam,
1687 3074 1755 3138 id
1791 3074 1963 3158 quod
2000 3074 2158 3138 mihi

235 3161 518 3226 maxime
563 3162 742 3246 libet,
785 3163 867 3227 ad
912 3166 1137 3227 nostra
1181 3185 1283 3228 me
1330 3163 1544 3227 studia
1597 3163 1873 3227 referam
1917 3164 2157 3227 littera·

235 3272 410 3316 rum:
477 3250 651 3335 quod
705 3251 998 3335 profecto
1051 3252 1313 3337 faciam,
1377 3252 1432 3316 si
1484 3251 1645 3316 mihi
1706 3273 1822 3336 per
1877 3250 2158 3316 eiusdem

384 3441 491 3513 Ep.
531 3448 581 3512 8,
621 3451 668 3497 1.
739 3444 814 3499 iis
848 3445 1006 3501 rebus
1042 3445 1213 3515 (W.)?
