2338 3691
683 760 903 816 LIBER
938 759 1252 817 TERTIUS
1288 759 1622 817 DECIMUS.

388 885 539 952 AD.
601 884 672 952 O.
726 886 1219 954 MEMMIUM
1282 887 1407 954 ET
1464 884 1925 956 CETEROS.

1123 1063 1178 1130 Ι.

355 1184 468 1241 Sor.
507 1184 743 1240 Athenis
778 1185 1006 1241 ineunte
1027 1155 1231 1241 ‘mense
1268 1184 1540 1252 Quinctili
1575 1202 1624 1242 a.
1662 1203 1716 1241 u.
1754 1202 1801 1241 ο.
1840 1191 1960 1242 ¹103.

642 1326 715 1381 Μ.
755 1325 1010 1382 CICERO
1050 1327 1102 1382 S.
1140 1327 1208 1382 D.
1247 1325 1303 1381 C.
1342 1325 1657 1382 MEMMIO.

333 1435 479 1500 Etsi
523 1457 660 1501 non
714 1436 870 1501 satis
927 1436 1090 1501 mihi
1147 1435 1551 1520 constiterat,
1613 1457 1757 1501 eum
1814 1437 2111 1521 aliquane
2152 1450 2179 1498 1

198 1525 403 1590 animi
454 1523 584 1589 mei
633 1525 933 1589 molestia
983 1547 1071 1589 an
1126 1525 1343 1610 potius
1396 1524 1673 1590 libenter
1723 1529 1789 1590 te
1834 1524 2112 1592 Athenis

199 1614 456 1679 visurus
504 1634 726 1698 essem,
773 1612 944 1698 quod
988 1614 1242 1699 iniuria,
1288 1635 1481 1697 quam
1526 1614 1846 1716 accepisti,
1892 1614 2111 1680 dolore

201 1723 307 1766 me
353 1702 661 1786 afficeret,
720 1702 1037 1786 sapientia
1081 1705 1221 1786 tua,
1268 1723 1395 1786 qua
1437 1702 1569 1766 fers
1612 1703 1940 1789 iniuriam,
1984 1705 2112 1768 lae-

199 1790 366 1876 titia,
409 1793 630 1857 tamen
673 1790 907 1857 vidisse
950 1794 1015 1857 te
1059 1791 1346 1875 mallem,
1390 1813 1574 1878 nam,
1619 1791 1789 1877 quod
1836 1794 1935 1858 est
1977 1815 2112 1859 mo·

198 1880 425 1945 lest1ae
435 1931 453 1965 ,
505 1901 642 1945 non
696 1902 850 1946 sane
904 1882 1109 1947 multo
1163 1881 1367 1946 levius
1424 1884 1547 1966 est,
1606 1903 1804 1966 quum
1857 1885 1922 1947 te
1975 1904 2114 1947 non

199 1969 416 2053 video,
461 1968 632 2053 quod
687 1990 824 2034 esse
869 1970 1083 2054 potuit
1127 1970 1504 2054 voluptatis,
1558 1973 1756 2054 certe,
1812 1970 1866 2035 si
1921 1971 2112 2037 vidis-

202 2079 341 2123 sem
373 2060 459 2142 te,
495 2058 641 2142 plus
677 2057 923 2123 fuisset.
993 2057 1221 2143 Itaque
1257 2080 1410 2123 non·
1429 2057 1737 2124 dubitabo
1780 2058 1933 2123 dare
1960 2081 2108 2144 ope·

200 2168 369 2232 ram,
412 2149 489 2211 ut
530 2150 596 2211 te
640 2146 924 2232 videam,
969 2169 1166 2232 quum
1211 2146 1278 2211 id
1324 2147 1480 2213 satis
1526 2146 1857 2213 commode
1900 2148 2113 2213 faeere

202 2238 457 2320 potero:
511 2235 784 2320 interea,
839 2236 1011 2320 quod
1055 2257 1171 2321 per
1215 2236 1463 2301 litteras
1509 2237 1575 2300 et
1618 2236 1728 2321 agi
1772 2239 1985 2302 tecum
2030 2239 2113 2321 et,

202 2326 281 2387 ut
325 2324 628 2408 arbitror,
673 2325 902 2389 confici
945 2327 1189 2408 potest,
1235 2345 1442 2410 agam.
1530 2322 1629 2388 Ao
1674 2330 1735 2390 te
1779 2324 1940 2389 illud
1984 2326 2110 2409 pri·
2149 2335 2180 2383 2

200 2435 382 2478 mum
426 2413 690 2499 rogabo,
733 2436 817 2478 ne
864 2413 1016 2498 quid
1051 2414 1294 2478 invitus
1330 2417 1475 2478 mea
1510 2415 1703 2478 causa
1737 2412 1956 2499 facias,
2002 2413 2112 2478 sed

200 2502 289 2586 id,
332 2501 503 2586 quod
549 2524 693 2566 mea
726 2502 1050 2588 intelliges
1086 2503 1380 2586 multum,
1422 2505 1538 2567 tua
1571 2502 1818 2567 nullam
1854 2503 1922 2566 in
1968 2524 2111 2587 par-

200 2594 338 2655 tem
380 2591 718 2676 interesse,
769 2591 864 2655 ita
916 2591 1077 2655 mihi
1121 2591 1261 2675 des,
1319 2591 1374 2655 si
1418 2591 1564 2675 tibi,
1608 2593 1686 2655 ut
1726 2590 1793 2654 id
1836 2590 2113 2655 libenter

202 2678 433 2764 facias,
504 2682 655 2744 ante
716 2680 1126 2765 persuaseris.
1235 2676 1398 2744 Cum
1458 2641 1739 2744 Patrone
1805 2677 2112 2764 Epicurio

200 2768 364 2833 mihi
419 2769 638 2833 omnia
690 2770 870 2853 sunt,
930 2766 1056 2833 nisi
1113 2767 1285 2853 quod
1337 2768 1408 2831 in
1459 2767 1873 2852 philosophia
1924 2767 2111 2831 vehe-

198 2860 454 2923 menter
499 2858 582 2922 ab
629 2879 705 2923 eo
753 2856 1087 2942 dissenti03
1133 2856 1245 2922 sed
1292 2859 1358 2920 et
1391 2856 1578 2921 initio
1606 2853 1868 2940 Romae,
1916 2877 2113 2957 quum

198 2950 267 3011 te
315 2967 566 3031 quoque
614 2949 680 3010 et
722 2948 872 3011 tuos
919 2967 1140 3010 omnes
1187 2945 1599 3028 observabat,
1652 2965 1753 3009 me
1799 2944 1999 3009 coluit
2040 2944 2114 3008 in

200 3034 428 3120 primis
492 3037 559 3099 et
617 3055 851 3119 nuper,
915 3056 1113 3118 quum
1177 3055 1278 3118 ea,
1341 3053 1504 3117 quae
1548 3033 1780 3118 voluit,
1843 3032 1920 3098 de
1980 3032 2112 3098 suis

344 3262 447 3332 Ep.
481 3269 530 3330 1,
561 3268 608 3317 1.
661 3262 860 3317 vidisse
886 3267 936 3317 te
964 3262 1076 3331 (M.‚
1103 3261 1314 3331 vulgo).
1387 3260 1638 3315 vidissem
1664 3265 1715 3315 te
1740 3261 1802 3315 B.
1833 3292 1899 3301 —
1935 3278 2109 3331 agyam.

195 3333 289 3388 Ae
325 3333 515 3403 (Sch.).
587 3351 638 3389 a.
675 3350 840 3389 nunc.
895 3335 982 3388 Ac
1017 3333 1144 3387 ΜΒ.
1221 3338 1269 3386 2.
1326 3332 1511 3386 omnia
1536 3336 1666 3386 sunt
1694 3331 1827 3402 (Μ.).
1900 3347 1948 3385 o.
1977 3347 2111 3386 eom·

194 3405 399 3460 munia
432 3420 473 3459 s.
511 3403 679 3473 Crat„
715 3404 777 3459 B.
