2338 3691
733 122 1256 178 EPISTOLARUM
1292 123 1384 177 XI.
1425 129 1509 178 27.
1958 127 2082 190 371

160 272 390 332 tumne
427 289 529 332 me
563 271 776 354 putaS,
820 290 947 353 qua
984 269 1327 354 eeleritate,
1363 272 1438 334 ut
1471 270 1751 354 primum
1788 271 2090 357 audieriS,

163 356 248 421 ad
294 378 397 421 me
432 356 716 423 Tarento
763 357 1131 423 advolaris?
1178 380 1341 443 quae
1387 362 1502 424 tua
1546 360 1743 425 fuerit
1787 361 2084 445 assessi0,

170 446 408 529 oratio,
472 445 874 512 confirmatio
940 447 1138 512 animi
1202 448 1327 513 mei
1389 447 1582 513 fracti
1646 449 2081 514 communium

164 535 569 600 miseriarum
613 534 834 600 metu?
925 535 1216 601 Tandem
1260 537 1604 621 aliquando
1650 538 1896 603 Romae
1942 560 2081 602 esse
2119 549 2151 598 5

166 623 520 708 coepimus:
569 622 722 709 quid
769 624 974 689 defuit
1018 629 1278 691 nostrae
1316 626 1785 691 familiaritati?
1831 628 1901 692 in
1947 649 2078 691 ma-

163 712 354 777 ximis
419 713 610 778 rebus
675 736 958 799 quonam
1021 714 1213 781 modo
1271 736 1557 800 gererem
1620 738 1722 780 me
1777 717 2082 782 adversus

166 799 527 885 Caesarem,
570 823 726 867 usus
771 806 884 868 tuo
923 805 1192 870 consilio
1230 810 1390 889 suin,
1433 805 1506 869 in
1540 805 1802 890 reliquis
1840 805 2081 871 officio:

167 890 273 955 eui
317 894 390 955 tu
436 890 720 956 tribuisti
765 895 1031 976 excepto
1070 891 1342 959 Caesare
1386 897 1643 978 praeter
1687 916 1807 978 me,
1853 899 1927 959 ut
1972 894 2081 959 do·

165 1000 346 1043 mum
400 980 750 1045 ventitares
794 981 1117 1065 horasque
1172 983 1409 1047 multas
1456 1004 1646 1067 saepe
1703 983 2081 1048 suavissimo

166 1090 462 1134 sermone
510 1070 963 1136 consumeres?
1029 1074 1195 1155 tum,
1242 1094 1439 1156 quum
1485 1072 1707 1157 etiam,
1764 1072 1818 1137 si
1864 1073 2082 1136 memi-

167 1158 340 1241 nisti,
384 1161 460 1223 ut
502 1159 663 1223 haee
709 1155 1265 1240 φιλοσοφούμενα
1309 1160 1672 1245 scriberem,
1714 1164 1789 1225 tu
1829 1182 1931 1224 me
1967 1162 2082 1223 im-

165 1246 411 1331 pulisti.
516 1247 677 1314 Post
740 1246 1031 1313 Caesaris
1094 1248 1373 1313 reditum
1446 1250 1600 1334 quid
1671 1249 1793 1313 tibi
1855 1250 2083 1314 maiori

167 1357 358 1400 curae
404 1335 556 1423 fuit,
609 1358 802 1421 quam
855 1341 930 1401 ut
982 1358 1191 1403 essem
1244 1358 1365 1423 ego
1411 1338 1507 1402 illi
1563 1359 1757 1422 quam
1809 1337 2082 1402 familia-

165 1424 504 1491 rissimus?
585 1425 758 1511 quod
830 1426 1146 1491 effeceras,
1266 1426 1587 1502 Quorsum
1654 1427 1855 1513 igitur
1924 1426 2084 1490 haee
2121 1437 2155 1486 6

168 1515 378 1580 oratio
424 1516 699 1600 longior,
744 1537 936 1600 quam
982 1515 1326 1600 putaram?
1414 1515 1578 1592 Quia
1624 1538 1767 1580 sum
1813 1515 2084 1580 admira-

167 1609 276 1669 tus
331 1608 422 1688 te,
487 1605 596 1689 qui
648 1605 809 1669 haee
872 1626 1064 1669 nosse
1118 1604 1409 1689 deberes,
1473 1605 1822 1690 quidquam
1885 1627 1926 1668 a
1982 1626 2086 1668 me

170 1693 611 1776 commissum,
684 1693 855 1777 quod
918 1697 1089 1758 esset
1152 1695 1432 1759 alienum
1496 1698 1723 1760 nostra
1786 1693 2086 1780 amicitia,

170 1781 540 1866 credidisse3
595 1803 748 1848 nam
801 1786 1057 1868 praeter
1107 1782 1295 1868 haee,
1354 1804 1517 1868 quae
1575 1783 2086 1869 commemoravi,

170 1893 338 1956 quae
391 1875 633 1937 testata
687 1876 841 1937 sunt
895 1875 961 1937 et
1004 1873 1310 1958 illustria,
1362 1873 1571 1938 habeo
1625 1873 1830 1938 multa
1877 1874 2084 1937 oeeul-

169 1962 359 2045 tiora,
403 1982 566 2045 quae
612 1962 716 2026 vix
761 1962 975 2027 verbis
1021 1962 1282 2047 exsequi
1334 1984 1615 2046 possum.
1706 1960 1940 2026 Omnia
1983 1983 2086 2025 me

168 2055 290 2114 tua
334 2050 680 2134 delectant,
735 2050 845 2115 sed
891 2050 1165 2116 maxime
1220 2051 1499 2115 maxima
1553 2073 1752 2136 quum
1804 2051 1962 2115 fides
2016 2051 2086 2114 in

171 2138 476 2222 amicitia,
521 2139 879 2225 eonsilium,
924 2139 1230 2225 gravitaS,
1275 2140 1659 2223 constantia,
1702 2144 1843 2203 tum
1886 2140 2087 2223 lepoS,

169 2227 564 2313 humanitas,
605 2228 876 2293 litterae.
969 2228 1375 2313 Quapropter
1419 2264 1504 2275 -—
1549 2228 1739 2293 redeo
1785 2249 1960 2292 nune
2006 2227 2086 2292 ad
2127 2236 2158 2286 7

172 2318 502 2402 querelam
546 2353 630 2363 -
679 2338 800 2403 ego
855 2320 919 2382 te
968 2318 1347 2403 suffragium
1389 2317 1615 2382 tulisse
1674 2317 1744 2380 in
1788 2317 1901 2381 illa
1944 2317 2086 2402 lege

170 2407 455 2491 primum
500 2427 636 2471 non
682 2405 946 2489 credidi3
1001 2405 1258 2490 deinde,
1313 2406 1369 2471 si
1414 2405 1851 2489 credidissem,
1903 2427 2086 2469 num-

172 2516 371 2580 quam
434 2494 498 2558 id
560 2494 697 2560 sine
761 2496 977 2580 aliqua
1037 2494 1212 2560 iusta
1274 2516 1467 2560 eausa
1531 2494 1960 2559 existimarem
2023 2497 2087 2557 te

170 2585 420 2649 fecisse.
488 2582 792 2669 Dignitas
829 2587 942 2649 tua
976 2583 1153 2669 facit,
1188 2587 1263 2649 ut
1299 2584 1863 2667 animadvertatur,
1910 2582 2088 2666 quid-

173 2672 332 2758 quid
375 2672 605 2757 faeias3
650 2673 1102 2739 malevolentia
1147 2676 1365 2738 autem
1408 2673 1765 2756 hominum,
1809 2674 1883 2736 ut
1928 2690 2088 2734 non·

172 2762 358 2827 nulla
402 2761 641 2846 duriu8,
687 2784 879 2846 quam
925 2784 964 2827 a
1007 2766 1071 2827 te
1117 2763 1293 2827 faeta
1338 2761 1488 2846 sint,
1531 2761 1967 2846 proferantur:
2014 2779 2091 2823 ea

169 2857 249 2917 tu
307 2852 361 2915 si
414 2872 551 2917 non
596 2851 807 2936 audis,
861 2851 1013 2937 quid
1069 2850 1279 2916 dicam
1288 2902 1307 2936 ,
1360 2851 1604 2935 neseio3
1659 2848 1981 2935 equidem,
2035 2846 2093 2912 si

174 2939 437 3026 quando
495 2940 714 3024 audio,
773 2943 911 3005 tam
966 2940 1267 3024 defendo,
1331 2961 1523 3024 quam
1587 2960 1690 3003 me
1746 2938 1878 3002 seio
1933 2957 1973 2999 a
2024 2939 2091 2999 te

174 3033 405 3097 eontra
440 3030 697 3114 iniquos
733 3051 911 3096 meos
948 3030 1152 3094 solere
1191 3028 1466 3093 defendi.
1537 3026 1845 3092 Defensio
1875 3027 2093 3090 autem

174 3125 279 3186 est
323 3119 582 3204 duplex:
640 3118 767 3183 alia
814 3121 992 3202 sunt,
1038 3140 1202 3201 quae
1246 3117 1491 3202 liquido
1546 3136 1785 3201 negare
1831 3114 2092 3197 soleam,

320 3347 426 3418 Ep.
474 3353 568 3415 27,
607 3354 655 3403 6.
736 3347 973 3401 maoeime
1023 3346 1270 3400 maxima
1319 3345 1448 3413 (M.).
1539 3360 1607 3398 m.
1666 3342 1783 3413 [m.]
1839 3342 1995 3406 Emi,
2031 3339 2091 3391 B.

175 3427 225 3475 7.
290 3419 632 3489 Quaqropter
669 3449 735 3458 —
771 3419 927 3473 redeo
962 3434 1016 3472 n.
1067 3418 1142 3473 ad
1177 3418 1446 3486 querelam
1484 3446 1550 3454 -
1590 3429 1683 3483 eqo
1720 3412 1869 3481 (W.).
1947 3411 2006 3478 Q.
2046 3424 2092 3459 ·r.

172 3510 233 3546 η.
274 3491 350 3545 ad
385 3507 433 3560 q.
506 3490 632 3561 qu
667 3489 856 3560 vulgo.

1564 3572 1669 3625 24·
