2338 3691
270 145 402 211 500
834 147 911 202 Μ.
947 146 1194 204 TULLII
1231 146 1613 204 CICERONIS

269 295 518 357 mature
562 292 634 356 in
676 291 796 355 has
839 292 1207 375 provincias
1259 292 1590 376 miseritis,
1646 312 1970 358 summum
2018 294 2188 377 peri-

271 380 486 445 culum
522 379 625 462 sit,
666 400 751 443 ne
787 379 1181 445 amittendae
1219 380 1351 444 sint
1386 401 1610 446 omnes
1647 401 1758 445 eae
1793 380 2188 466 provinciae,

271 468 504 551 quibus
532 468 874 552 vectigalia
899 467 1124 552 populi
1150 467 1432 533 Romani
1460 469 1890 534 continentur.
1946 468 2186 545 Quam-

271 557 492 621 obrem
536 558 754 621 autem
807 556 878 620 in
931 556 1057 621 hoc
1110 556 1492 641 provinciali
1547 556 1798 622 delectu
1843 578 2025 641 spem
2069 557 2184 622 ha-

269 643 476 709 beatis
523 644 833 728 aliquam,
886 665 1082 709 causa
1124 644 1308 709 nulla
1352 647 1476 710 est:
1531 665 1740 729 neque
1793 645 1981 710 multi
2029 649 2185 710 sunt

269 736 335 797 et
378 731 744 817 diffugiunt,
787 733 897 817 qui
943 736 1114 816 sunt,
1156 736 1335 798 metu
1372 733 1591 798 oblato
1629 735 1712 816 et,
1757 733 1928 817 quod
2021 755 2182 799 enus

266 819 391 885 hoc
437 820 714 885 militum
759 821 869 906 sit,
921 820 1230 885 iudicavit
1270 821 1372 884 vir
1410 820 1801 887 fortissimus
1847 820 1933 885 M.
2039 822 2180 886 ibu-

266 909 368 972 lus
395 908 466 972 in
492 907 670 992 Asia,
698 909 826 993 qui,
867 930 1065 993 quum
1101 931 1219 974 vos
1256 908 1314 972 ei
1349 908 1819 993 permisissetis‚
1862 909 2180 975 delectum

266 995 504 1061 habere
575 997 871 1062 noluerit.
978 995 1151 1061 Nam
1225 997 1543 1062 sociorum
1616 998 1854 1062 auxilia
1914 1000 2183 1083 propter

268 1084 685 1149 acerbitatem
746 1088 940 1169 atque
992 1085 1264 1150 iniurias
1325 1086 1577 1170 imperii
1637 1086 1847 1150 nostri
1909 1090 2026 1151 aut
2084 1086 2180 1151 ita

267 1173 590 1238 imbecilla
633 1176 803 1256 sunt,
846 1176 923 1237 ut
966 1194 1101 1237 non
1145 1173 1422 1239 multum
1475 1194 1597 1239 nos
1641 1174 1862 1238 iuvare
1906 1174 2179 1259 possint,

267 1265 382 1326 aut
443 1261 537 1326 ita
599 1261 880 1328 alienata
925 1282 965 1324 a
1007 1262 1227 1345 nobis,
1279 1264 1355 1326 ut
1405 1281 1614 1345 neque
1672 1262 2178 1346 exspectandum

267 1349 350 1413 ab
394 1349 473 1414 iis
519 1370 727 1433 neque
781 1350 1314 1415 committendum
1366 1350 1446 1414 iis
1500 1350 1849 1434 quidquam
1903 1371 2043 1415 esse
2087 1351 2178 1415 vi·

198 1449 230 1495 6
268 1437 512 1502 deatur.
601 1437 802 1522 Regis
863 1435 1158 1502 Deiotari
1220 1441 1285 1502 et
1346 1438 1749 1524 voluntatem
1810 1442 1879 1503 et
1939 1439 2178 1522 copias,

266 1529 819 1610 quantaecumque
856 1529 1026 1609 sunt,
1060 1529 1319 1592 nostras
1357 1547 1494 1590 esse
1532 1526 1722 1610 duco3
1766 1523 2179 1611 Cappadocia

266 1618 367 1679 est
417 1614 657 1696 inanis3
718 1614 947 1698 reliqui
999 1634 1188 1699 reges
1240 1615 1627 1698 tyrannique
1681 1635 1890 1698 neque
1945 1615 2176 1699 opibus

267 1703 423 1768 satis
467 1702 637 1767 firmi
691 1723 811 1766 nec
864 1702 1198 1766 voluntate
1253 1705 1421 1768 sunt.
1510 1701 1674 1767 Mihi
1728 1703 1799 1766 in
1852 1702 1977 1767 hac
2021 1725 2175 1787 pau-

266 1790 461 1856 citate
514 1790 793 1856 militum
851 1790 1104 1856 animus
1150 1793 1321 1856 certe
1378 1811 1514 1858 non
1568 1790 1796 1874 deerit,
1860 1811 2048 1876 spero
2093 1812 2175 1856 ne

266 1877 605 1943 consilium
650 1878 923 1964 quidem.
996 1878 1162 1955 Quid
1200 1900 1494 1944 casurum
1541 1879 1643 1962 sit,
1686 1880 2004 1944 incertum
2048 1883 2176 1944 est:

265 1966 517 2030 utinam
565 1966 774 2031 saluti*
802 1970 1063 2032 nostrae
1100 1968 1434 2033 consulere
1469 1967 1814 2053 possimus!
1872 1967 2176 2054 dignitati

266 2057 436 2119 certe
480 2054 905 2120 consulemus.

1172 2247 1259 2313 11.

319 2327 434 2423 scr.
463 2368 523 2423 in
558 2368 759 2423 itinere
796 2385 864 2423 ει
901 2367 1099 2423 castris
1136 2369 1210 2422 ad
1246 2366 1507 2436 Cybistra
1538 2368 1601 2423 in
1635 2368 1890 2425 Ciliciam
1927 2386 2118 2426 mense

629 2438 947 2508 Septembri
982 2438 1095 2507 (XI.
1134 2437 1202 2492 Κ.
1241 2437 1385 2508 Oct.)
1424 2454 1473 2492 a.
1511 2457 1565 2494 u.
1605 2455 1651 2494 c.
1692 2446 1809 2495 ⁵103.

264 2579 340 2634 M.
379 2578 688 2634 TULLIUS
725 2579 798 2633 M.
836 2577 899 2633 F.
928 2577 1502 2704 ΟξξΒὲΕΙὲΙΞῼΓΞΕΒ.
1541 2579 1597 2635 Β.
1633 2580 1705 2635 D.
1740 2579 1886 2635 COS.
1917 2580 2030 2636 PB.
2060 2581 2172 2636 ΤΒ.

198 2769 229 2820 1
403 2756 464 2822 S.
509 2780 568 2824 v.
604 2781 661 2822 v.
698 2759 750 2823 b.
788 2779 840 2823 e.
878 2779 930 2822 e.
968 2780 1027 2843 q.
1064 2781 1121 2823 v.
1195 2757 1407 2834 Quum
1450 2781 1545 2843 pr.
1590 2757 1671 2823 K.
1718 2757 1886 2825 Sext.
1932 2760 2003 2824 in
2028 2781 2172 2845 pro·

266 2846 544 2911 vinciam
588 2846 906 2911 venissem
951 2867 1158 2929 neque
1204 2846 1520 2911 maturius
1562 2849 1829 2932 propter
1870 2848 2172 2913 itinerum

267 2938 332 2999 et
368 2934 859 3020 navigationum
896 2933 1341 2998 difficultatem
1377 2936 1594 3000 venire
1632 2936 2006 3020 potuissem,
2041 2958 2170 3000 ma·

265 3022 434 3087 xime
481 3023 822 3088 convenire
868 3022 1081 3087 officio
1136 3042 1282 3087 meo
1328 3024 1545 3108 reique
1598 3024 1893 3108 publicae
1938 3025 2170 3090 condu-

267 3130 408 3174 cere
454 3111 678 3194 putavi
722 3132 948 3195 parare
995 3133 1097 3194 ea,
1151 3132 1315 3194 quae
1361 3111 1443 3176 ad
1497 3113 1845 3178 exercitum
1890 3134 2171 3198 quaeque

268 3196 351 3258 ad
413 3218 550 3262 rem
602 3199 947 3264 militarem
999 3199 1422 3283 pertinerent3
1485 3221 1648 3285 quae
1708 3223 1903 3287 quum
1959 3205 2174 3267 essent

270 3303 309 3343 a
362 3303 463 3345 me
519 3305 671 3349 cura
724 3285 933 3371 magis
987 3289 1053 3351 et
1107 3287 1447 3372 diligentia
1500 3309 1694 3371 quam
1746 3290 2055 3356 facultate
2109 3294 2173 3354 et

271 3368 455 3449 copia
519 3374 870 3438 constituta
932 3375 1271 3459 nuntiique
1335 3380 1402 3440 et
1453 3376 1706 3442 litterae
1771 3377 1847 3442 de
1909 3378 2080 3444 bello
2134 3400 2171 3441 a

268 3450 525 3519 Parthis
578 3458 648 3521 in
700 3463 1099 3543 provinciam
1152 3461 1404 3548 Syriam
1465 3464 1648 3530 illato
1704 3465 1986 3550 quotidie
2040 3465 2170 3532 fere
