2338 3691
681 156 1208 212 EPISTOLARUM
1244 157 1390 213 XIII.
1431 162 1657 214 55—5'7.
1992 160 2125 223 463

206 321 373 385 esse,
439 301 551 365 sed
614 302 786 366 malo
852 302 1129 387 ecdicos,
1188 305 1263 367 ut
1316 302 1558 412 aliquid
1614 303 1840 368 confici
1891 304 2124 388 possit3

208 411 404 473 quare
458 393 611 474 peto
669 411 707 454 a
751 393 844 474 te,
896 394 972 455 ut
1025 395 1093 455 et
1145 412 1255 456 eos
1310 395 1377 455 et
1415 393 1849 474 ,Αλαβανδεῖς
1900 392 2124 457 iubeas

208 479 458 543 ecdicos
504 478 780 543 Romam
833 480 1105 544 mittere.
1204 479 1545 546 Praeterea
1598 480 1916 546 Philocles
1970 479 2124 545 Ala-
2160 490 2194 540 2

206 567 558 632 bandensis
611 560 964 651 ὑποθήκας
1017 566 1244 634 Cluvio
1305 569 1505 633 dedit:
1569 591 1681 634 eae
1746 569 2123 634 commissae

207 659 391 739 sunt3
454 655 650 720 velim
712 677 922 739 cures,
984 660 1059 722 ut
1121 661 1236 721 aut
1299 658 1376 721 de
1429 657 1806 742 hypothecis
1862 658 2127 722 decedat

208 765 444 830 easque
498 745 1024 828 procuratoribus
1069 743 1281 812 Cluvii
1334 746 1551 811 tradat
1612 749 1726 810 aut
1785 746 2127 829 pecuniam

209 833 436 898 solvat.
527 832 870 898 Praeterea
921 831 1341 899 Heracleotae
1397 837 1463 899 et
1518 833 1950 920 Bargylietae,
2015 835 2125 920 qui

206 922 366 987 item
430 921 691 1005 debent,
755 925 868 987 aut
929 922 1270 1007 pecuniam
1334 924 1589 989 solvant
1642 928 1755 988 aut
1810 923 2125 988 fructibus

210 1011 341 1074 suis
380 1011 798 1076 satisfaciant.
873 1009 1104 1077 Caunii
1136 1014 1470 1095 praeterea
1505 1012 1758 1094 debent,
1796 1012 1906 1076 sed
1942 1012 2128 1076 aiunt
2162 1023 2195 1072 3

211 1120 279 1162 se
335 1099 698 1184 depositam
750 1100 1088 1184 pecuniam
1141 1100 1473 1165 habuisse:
1532 1101 1599 1165 id
1652 1101 1844 1165 velim
1890 1120 2124 1185 cogno·

213 1208 354 1252 scas
400 1190 490 1270 et,
545 1189 601 1253 si
653 1189 1042 1253 intellexeris
1098 1209 1208 1253 eos
1262 1210 1472 1274 neque
1526 1210 1604 1252 ex
1657 1189 1864 1253 edicto
1917 1209 2125 1272 neque

213 1297 294 1339 ex
339 1276 589 1341 decreto
637 1277 995 1360 depositam
1029 1277 1351 1361 habuisse,
1398 1277 1508 1342 des
1547 1299 1826 1361 operam,
1869 1279 1944 1341 ut
1977 1298 2125 1341 usu-

210 1385 321 1428 rae
352 1363 576 1430 Gluvio
611 1365 912 1431 instituto
949 1369 1063 1431 tuo
1101 1369 1571 1431 conserventur.
1643 1363 1767 1430 His
1813 1365 1891 1429 de
1934 1366 2126 1431 rebus

198 1470 290 1517 ‘eo
327 1454 537 1538 magis
572 1453 816 1556 laboro,
852 1455 1024 1540 quod
1061 1455 1277 1540 agitur
1309 1476 1412 1520 res
1441 1453 1556 1520 Gn
1584 1453 1879 1537 Pompeii
1914 1453 2128 1536 etiam,

211 1542 435 1605 nostri
464 1543 835 1626 necessarii,
891 1546 957 1607 et
972 1543 1173 1630 quod
1225 1542 1283 1608 is
1328 1544 1538 1628 magis
1593 1543 1787 1608 etiam
1831 1542 1991 1606 mihi
2035 1543 2125 1605 la-

212 1629 442 1695 borare
487 1631 740 1696 videtur
794 1594 988 1717 q’uam
1040 1633 1180 1717 ipse
1227 1630 1515 1716 Cluvius,
1569 1633 1672 1697 cui
1728 1631 2129 1697 satisfactum

214 1738 356 1782 esse
413 1742 452 1783 a
503 1720 693 1785 nobis
747 1721 933 1785 valde
995 1722 1159 1786 volo
1264 1719 1387 1785 His
1441 1721 1519 1785 de
1580 1722 1771 1787 rebus
1822 1723 1889 1786 te
1941 1720 2128 1785 vehe-

212 1810 467 1873 menter
510 1807 708 1875 etiam
752 1813 946 1895 atque
993 1810 1190 1876 etiam
1235 1830 1412 1895 rogo.

1066 2003 1269 2070 LVII.

494 2114 608 2171 Scr.
646 2115 954 2172 Laodiceae
991 2133 1181 2172 mense
1218 2117 1420 2172 Martio
1460 2134 1509 2173 a.
1547 2135 1601 2173 u.
1638 2134 1686 2173 c.
1726 2123 1845 2173 794.

631 2239 887 2297 CICERO
926 2241 1232 2297 THERMO
1268 2241 1523 2312 PROPR.
1563 2241 1714 2297 SAL.

357 2336 495 2415 Quo
547 2342 757 2426 magis
812 2342 1097 2427 quotidie
1153 2364 1233 2407 ex
1284 2342 1516 2406 litteris
1570 2341 1942 2426 nuntiisque
1997 2340 2128 2404 bel·
2169 2351 2199 2400 1

217 2429 354 2492 lum
400 2449 710 2514 magnum
754 2451 894 2494 esse
937 2430 1008 2494 in
1054 2428 1240 2515 Syria
1284 2451 1629 2515 cognosco,
1675 2451 1750 2495 eo
1795 2429 2130 2494 vehemen-

215 2516 348 2581 tius
387 2538 426 2580 a
460 2519 526 2581 te
561 2540 678 2602 pro
713 2522 940 2583 nostra
973 2519 1444 2584 necessitudine
1480 2519 1815 2603 contendo,
1859 2520 1935 2582 ut
1971 2517 2134 2581 mihi

216 2604 306 2669 M.
334 2604 662 2671 Anneium
704 2608 991 2693 legatum
1034 2608 1245 2692 primo
1284 2629 1536 2693 quoque
1581 2611 1870 2691 tempore
1914 2606 2131 2671 remit-

216 2698 350 2777 tas;
396 2715 551 2758 nam
596 2695 731 2760 eius
779 2718 1000 2779 opera,
1046 2696 1335 2780 consilio,
1382 2696 1651 2762 scientia
1695 2695 1789 2760 rei
1833 2694 2132 2759 militaris

217 2782 322 2846 vel
366 2783 643 2847 maxime
687 2783 981 2869 intelligo
1035 2807 1138 2849 me
1187 2789 1252 2851 et
1294 2807 1431 2849 rem
1474 2782 1800 2870 publicam
1845 2782 2133 2848 adiuvari

214 2891 426 2955 posse.
511 2870 696 2947 Quod
738 2873 868 2937 nisi
912 2876 1099 2938 tanta
1139 2895 1243 2939 res
1290 2874 1425 2938 eius
1473 2876 1788 2959 ageretur,
1829 2893 1949 2936 nec
1992 2871 2132 2955 ipse

218 2959 449 3024 adduci
505 2961 850 3045 potuisset,
903 2967 978 3027 ut
1033 2985 1072 3026 a
1124 2984 1228 3027 me
1293 2962 1668 3044 discederet,
1732 2981 1940 3044 neque
1994 2978 2133 3044 ego,

214 3053 293 3113 ut
346 3070 494 3112 eum
548 3072 588 3113 a
640 3071 743 3114 me
800 3051 1205 3128 dimitterem.
1304 3050 1449 3135 Ego
1512 3051 1583 3114 in
1638 3048 1928 3115 Ciliciam
1986 3070 2133 3132 pro-

215 3136 418 3202 ficisci
475 3133 688 3223 cogito
745 3139 994 3204 circiter
1047 3139 1125 3204 Κ.
1181 3138 1361 3204 Mai.:
1419 3143 1569 3203 ante
1626 3160 1766 3203 eam
1822 3137 1991 3202 diem
2044 3135 2135 3201 M.

361 3365 466 3435 Ep
507 3361 1278 3435 56,1.Ἆλαβανδεῖς<01..)
1353 3366 1666 3421 Alabandis
1700 3365 1793 3430 M,
1821 3363 2007 3431 vulgo.
2082 3367 2134 3413 2.

203 3442 403 3580 Ξῖητὲ.
413 3438 619 3493 velim
679 3439 915 3494 ..solvat
995 3440 1182 3493 Praet.
1215 3437 1462 3508 (vulgo.)
1536 3441 1679 3490 sunt.
1748 3433 1967 3488 Velim.
2022 3445 2113 3483 ..s
2100 3467 2135 3494 .,
