2338 3691
174 162 299 227 188
359 204 363 210 -
734 159 809 214 Μ.
847 157 1094 214 TULLII
1131 155 1510 213 CICERONIS

168 309 381 393 ipsum
428 305 584 371 sciet
631 341 711 352 -
726 355 744 388 ,
795 325 931 369 non
976 302 1313 387 accepisse.
1405 300 1531 403 Sed
1574 306 1792 367 tamen
1837 301 2082 387 aliquid

170 395 553 477 videbimus,
614 393 685 457 in
739 414 866 477 quo
924 392 1010 456 sit
1062 391 1332 493 species}
1396 392 1582 455 ahter
1609 390 1892 492 ’quidem
1942 412 2085 454 non

170 483 362 658 {¹33⁰
378 505 494 636 1:3¹3
496 484 818 635 ”2435ssssss
821 479 1462 634 ”ffliussedarffiffi
1483 479 2087 652 fssffssffiuffi

172 660 386 747 quoad
428 660 537 725 ille
584 652 990 743 quandoque
1013 658 1249 736 veniat.
1338 657 1521 723 Vale.

1054 850 1200 919 XX.

352 967 466 1023 Scr.
506 968 743 1022 Asturae
780 968 1018 1021 exeunte
1054 983 1245 1021 mense
1284 964 1482 1022 Sextili
1519 981 1568 1020 a.
1605 983 1660 1019 u.
1699 982 1744 1020 c.
1786 970 1904 1019 709.

720 1089 977 1148 CICERO
1017 1088 1345 1146 TORANIO
1383 1089 1534 1145 SAL.

304 1192 623 1258 Dederam
664 1192 881 1257 triduo
928 1194 1078 1255 ante
1122 1190 1340 1274 pueris
1385 1187 1500 1254 Cn.
1543 1189 1792 1255 Plancii
1836 1191 2089 1256 litteras

175 1283 256 1348 ad
301 1285 395 1366 te3
440 1303 517 1347 eo
561 1302 736 1347 nunc
783 1302 892 1345 ero
937 1279 1195 1344 brevior
1238 1282 1457 1363 teque,
1502 1282 1578 1343 ut
1622 1283 1815 1343 antea
1860 1300 2088 1344 conso-

173 1372 383 1455 labar,
434 1370 560 1437 hoc
612 1374 903 1454 tempore
943 1368 1251 1433 monebo.
1340 1366 1523 1432 Nihil
1568 1371 1727 1453 puto
1771 1368 1892 1432 tibi
1945 1390 2087 1433 esse

175 1460 395 1525 utilius
458 1481 651 1545 quam
711 1459 951 1523 ibidem
997 1457 1305 1541 opperiri,
1367 1456 1580 1541 quoad
1643 1457 1804 1521 scire
1856 1457 2090 1542 possiS,

176 1549 329 1634 quid
354 1548 477 1613 tibi
504 1549 826 1633 agendum
854 1546 962 1611 sit:
1006 1567 1163 1610 nam
1186 1548 1445 1630 praeter
1477 1545 1911 1631 navigationis
1944 1546 2087 1610 lon-

177 1658 297 1723 gae
325 1639 391 1703 et
415 1635 709 1701 hiemalis
738 1640 803 1699 et
830 1634 1092 1699 minime
1128 1637 1476 1718 portuosae
1503 1634 1877 1719 periculum,
1912 1634 2088 1719 quod

174 1725 495 1809 vitaveris,
520 1745 604 1788 ne
629 1724 789 1788 illud
818 1724 1075 1808 quidem
1102 1744 1238 1788 non
1266 1722 1607 1808 quantivis,
1634 1723 1868 1807 subito,
1886 1744 2087 1806 quum

175 1813 334 1879 certi
369 1812 619 1897 aliquid
656 1811 952 1897 audieris,
991 1814 1058 1877 te
1092 1811 1272 1877 istim
1306 1833 1495 1897 posse
1532 1811 1878 1897 proficisci3
1921 1811 2087 1876 nihil

177 1904 276 1968 est
301 1905 651 1987 praeterea,
678 1923 791 1968 cur
818 1901 1201 1967 adventibus
1227 1904 1294 1965 te
1322 1900 1548 1967 offerre
1577 1901 1848 1987 gestias;
1881 1901 2089 1965 multa

174 1994 509 2076 praeterea
542 1993 780 2074 metuo,
825 2011 989 2074 quae
1028 2011 1175 2055 cum
1213 1987 1436 2056 Cilone
1472 1993 1697 2054 nostro
1737 1989 2087 2055 communi-

177 2080 335 2145 cavi.
425 2077 593 2155 Quid
637 2079 885 2144 multa?
941 2080 1085 2143 loco
1133 2078 1593 2164 opportuniore
1637 2078 1709 2143 in
1751 2077 1854 2143 his
1898 2077 2087 2143 malis

175 2167 356 2233 nullo
395 2189 533 2232 esse
570 2168 858 2253 potuisti,
902 2189 979 2232 ex
1015 2188 1142 2251 quo
1180 2170 1266 2251 te,
1310 2187 1711 2251 quocumque
1750 2188 1911 2251 opus
1947 2166 2089 2249 erit,

175 2256 480 2322 facillime
525 2260 592 2321 et
636 2256 1106 2342 expeditissime
1152 2255 1474 2319 conferas:
1521 2254 1694 2340 quod
1732 2255 1788 2320 si
1821 2255 2091 2339 recipiet

175 2345 285 2411 ille
327 2366 414 2431 se,
458 2344 542 2410 a'd
575 2348 831 2431 tempus
867 2344 1103 2427 aderis3
1149 2344 1252 2408 sin
1281 2380 1364 2389 —
1393 2343 1702 2428 ‘quoniam
1736 2343 1940 2408 multa
1987 2364 2087 2407 ac·

178 2433 386 2499 cidere
429 2437 705 2519 possunt
737 2469 828 2481 --
864 2433 1081 2517 aliqua
1121 2453 1226 2495 res
1281 2452 1428 2497 eum
1479 2431 1584 2496 vel
1637 2431 1943 2516 impediet
1985 2432 2089 2497 vel

177 2522 551 2608 morabitur,
592 2525 668 2587 tu
711 2522 804 2587 ibi
848 2521 993 2604 eris,
1034 2522 1147 2586 ubi
1185 2521 1403 2585 omnia
1438 2521 1599 2585 scire
1643 2521 1873 2604 possis.
1942 2518 2090 2586 Hoc

176 2612 338 2676 mihi
379 2633 643 2696 prorsus
689 2610 875 2676 valde
919 2610 1159 2694 placet3
1214 2608 1292 2673 de
1346 2609 1621 2693 reliquo,
1666 2611 1741 2672 ut
1783 2612 1850 2674 te
1896 2630 2088 2691 saepe

176 2722 292 2785 per
334 2700 584 2766 litteras
619 2698 920 2765 hortatus
965 2720 1126 2781 sum,
1169 2696 1265 2761 ita
1299 2698 1492 2762 velim
1527 2697 1648 2761 tibi
1684 2696 2091 2781 persuadeas,

177 2792 243 2853 te
286 2790 358 2853 in
399 2787 524 2853 hac
570 2809 765 2852 causa
807 2786 973 2851 nihil
1017 2785 1256 2850 habere
1265 2836 1283 2869 ,
1342 2786 1512 2870 quod
1566 2785 1687 2849 tibi
1729 2785 2090 2851 timendum

180 2877 281 2962 sit,
324 2881 580 2961 praeter
624 2896 1031 2941 communem
1076 2895 1297 2939 casum
1342 2874 1638 2958 civitatis,
1684 2874 1795 2959 qui
1830 2874 1955 2939 etsi
1991 2877 2091 2938 est

179 2966 622 3049 gravissimus,
675 2968 898 3028 tamen
958 2964 1051 3027 ita
1104 2962 1380 3028 viximus
1435 2965 1501 3027 et
1551 2961 1619 3026 id
1673 2962 1904 3027 aetatis
1959 2962 2091 3026 iam

180 3074 417 3136 sumus,
453 3057 527 3117 ut
563 3052 799 3136 omnia,
844 3073 1008 3136 quae
1044 3073 1181 3116 non
1215 3054 1441 3115 nostra
1478 3052 1668 3135 culpa
1701 3050 1890 3115 nobis
1928 3051 2090 3115 acci-

179 3138 356 3222 dant,
395 3138 657 3204 fortiter
698 3140 868 3204 ferre
905 3140 1268 3205 debeamus.
1339 3137 1465 3203 Hic
1490 3140 1587 3203 tui
1612 3160 1834 3204 omnes
1870 3139 2093 3204 valent

180 3247 553 3308 summaque
581 3227 820 3309 pietate
854 3230 921 3292 te
948 3227 1317 3292 desiderant
1343 3230 1410 3291 et
1435 3226 1716 3312 diligunt
1750 3232 1816 3291 et
1843 3228 2091 3292 colunt:

179 3315 254 3377 tu
290 3331 459 3397 cura,
499 3317 573 3377 ut
608 3314 822 3379 valeas
860 3317 926 3379 et
959 3319 1024 3381 te
1063 3316 1240 3380 istim
1274 3336 1356 3380 ne
1393 3319 1633 3380 temere
1669 3336 2092 3396 commoveas.
