2338 3691
202 102 328 166 104
761 101 836 156 M.
875 100 1122 155 TULLII
1159 96 1542 156 CICERONIS

198 249 299 312 est
341 249 552 311 totum
598 245 680 318 ad
726 246 918 310 unius
955 246 1355 311 voluntatem
1393 245 2006 312 accommodandum
2046 250 2120 313 et

195 335 531 420 prudentis
580 337 646 399 et
689 334 973 399 liberalis
1019 337 1102 419 et,
1146 337 1223 399 ut
1264 335 1664 420 perspexisse
1709 335 1944 420 videor,
1988 357 2115 401 nec

196 444 240 489 a
280 446 384 488 me
430 424 626 488 alieni
671 426 738 488 et
781 424 902 488 tibi
947 424 1345 508 amicissimi3
1400 424 1569 508 quod
1624 445 1823 509 quum
1867 425 1961 489 ita
2007 425 2114 509 sit,

196 533 474 598 magnae
537 515 761 577 tamen
823 515 924 577 est
985 512 1494 596 deliberationis,
1567 535 1729 598 quae
1792 514 1957 579 ratio
2024 514 2117 578 sit

196 601 479 666 ineunda
532 601 721 666 nobis
776 623 912 667 non
968 602 1204 687 agendi
1259 602 1526 687 aliquid,
1585 602 1706 667 sed.
1742 602 1912 667 illius
1961 622 2113 667 con-

134 717 142 725 ·
198 711 382 756 cessu
428 693 495 756 et
536 690 849 756 beneficio
897 691 1283 775 quiescendi.
1372 690 1555 757 Vale.

111 3576 183 3600 Q

1086 885 1237 951 VII.

394 996 508 1054 Sor.
546 997 760 1054 Romae
800 1000 951 1069 (post
983 998 1104 1053 VII.
1145 998 1269 1053 Kal.
1311 997 1483 1069 Sext.)
1522 1014 1570 1053 a.
1613 1016 1666 1053 u.
1705 1015 1753 1055 c.
1794 1003 1909 1054 708.

583 1123 658 1177 Μ.
698 1121 957 1179 CICERO
997 1122 1048 1179 S.
1087 1122 1154 1177 D.
1194 1122 1267 1177 M.
1307 1121 1717 1179 MARCELLO.

329 1220 477 1288 Etsi
521 1245 597 1289 eo
644 1226 708 1289 te
755 1223 965 1288 adhuc
1011 1222 1281 1288 consilio
1328 1245 1516 1288 usum
1560 1224 1876 1309 intellig0,
1923 1226 2000 1288 ut
2042 1224 2113 1288 id

195 1313 660 1396 reprehendere
705 1334 841 1379 non
878 1313 1165 1397 audeam,
1210 1334 1345 1377 non
1382 1314 1538 1397 quin
1575 1313 1657 1378 ab
1696 1334 1771 1378 eo
1808 1313 1945 1397 ipse
1985 1311 2111 1377 dis-

198 1402 489 1488 sentiam,
535 1402 647 1468 sed
693 1401 863 1487 quod
911 1423 987 1466 ea
1029 1403 1095 1465 te
1142 1401 1461 1486 sapientia
1505 1422 1643 1466 esse
1688 1401 1989 1485 iudicem,
2034 1405 2113 1465 ut

196 1512 410 1555 meum
447 1491 786 1556 consilium
820 1511 956 1555 non
991 1493 1382 1574 anteponam
1418 1493 1552 1575 tu0‚
1595 1492 1816 1556 tamen
1853 1493 1919 1554 et
1952 1490 2111 1554 ami-

199 1578 386 1644 citiae
422 1583 683 1645 nostrae
719 1582 1005 1644 vetustas
1045 1582 1110 1643 et
1144 1582 1260 1644 tua
1295 1601 1546 1644 summa
1587 1600 1743 1666 erga
1778 1600 1880 1643 me
1916 1579 2109 1644 bene-

196 1668 500 1751 volentia,
545 1689 707 1753 quae
754 1668 912 1732 mihi
956 1668 1087 1732 iam
1132 1690 1173 1732 a
1216 1669 1493 1753 pueritia
1535 1672 1650 1733 tua
1686 1668 1947 1754 cognita
1993 1671 2112 1753 est,

197 1777 299 1819 me
344 1756 608 1821 hortata
651 1759 767 1840 est,
809 1758 886 1821 ut
930 1777 1006 1821 ea
1051 1757 1393 1822 scriberem
1440 1757 1523 1822 ad
1565 1761 1650 1843 te,
1696 1778 1858 1842 quae
1898 1759 1964 1821 et
2010 1778 2111 1821 sa-

196 1844 320 1910 luti
370 1848 521 1910 tuae
586 1845 939 1911 conducere
994 1847 1343 1912 arbitrarer
1395 1851 1461 1913 et
1513 1868 1650 1912 non
1704 1848 1916 1913 aliena
1970 1867 2111 1912 esse

199 1932 497 1999 ducerem
542 1956 582 1999 a
626 1934 960 2020 dignitate.
1029 1941 1168 2022 Ego
1217 1958 1363 2001 eum
1407 1939 1472 2001 te
1518 1957 1674 2021 esse,
1721 1937 1829 2021 qui
1873 1937 2111 2001 horum

196 2023 514 2088 malorum
540 2023 728 2088 initia
753 2025 958 2089 multo
979 2029 1131 2089 ante
1150 2024 1404 2111 videris,
1424 2026 1830 2090 consulatum
1856 2025 2110 2110 magni-

196 2110 608 2177 ficentissime
673 2116 864 2196 atque
929 2113 1168 2199 optime
1234 2115 1506 2200 gesseris
1515 2165 1533 2199 ,
1590 2115 1914 2199 praeclare
1978 2135 2110 2179 me·

197 2200 383 2283 mini3
439 2201 549 2266 sed
592 2200 764 2265 idem
809 2202 1006 2267 etiam
1048 2203 1163 2267 illa
1207 2203 1357 2288 vidi,
1401 2224 1610 2287 neque
1655 2207 1721 2267 te
1768 2203 2110 2268 consilium

199 2289 402 2353 civilis
446 2290 600 2355 belli
643 2291 738 2355 ita
774 2291 1037 2377 gerendi
1071 2313 1194 2356 nec
1239 2292 1457 2376 copias
1502 2289 1618 2356 Cn.
1652 2290 1945 2377 Pompeii
1988 2312 2111 2356 nec

199 2397 404 2462 genus
441 2379 753 2444 exercitus
787 2381 1062 2464 probare
1101 2402 1476 2466 semperque
1514 2396 1759 2446 summe
1801 2381 2112 2464 diffidere,

201 2488 328 2550 qua
369 2467 441 2531 in
487 2469 810 2534 sententia
854 2490 955 2533 me
1003 2491 1257 2554 quoque
1301 2469 1499 2534 fuisse
1544 2471 1854 2536 memoria
1887 2473 2111 2535 tenere

197 2558 264 2620 te
337 2557 630 2623 arbitror.
718 2557 946 2642 Itaque
1009 2579 1219 2642 neque
1280 2561 1355 2622 tu
1416 2559 1693 2623 multum
1755 2559 2110 2624 interfuisti

199 2645 389 2711 rebus
435 2646 733 2732 gerendis
780 2651 846 2711 et
882 2668 1002 2732 ego
1040 2647 1106 2710 id
1135 2668 1386 2731 semper
1422 2648 1544 2733 egi,
1587 2669 1670 2712 ne
1707 2648 2111 2731 interessem3

199 2755 335 2800 non
379 2736 552 2800 enim
593 2736 675 2800 iis
719 2735 911 2799 rebus
946 2735 1416 2821 pugnabamus,
1462 2736 1693 2821 quibus
1738 2737 1951 2802 valere
1996 2758 2144 2821 po-·

198 2825 502 2910 teramus,
546 2824 815 2890 consilio
824 2874 842 2908 ,
888 2825 1289 2910 auctoritate,
1335 2846 1553 2910 causa,
1599 2846 1763 2909 quae
1809 2829 1997 2890 erant
2041 2825 2112 2890 in

197 2912 387 2976 nobis
435 2913 784 2998 superiora,
832 2912 944 2978 sed
986 2913 1244 2978 lacertis
1292 2916 1357 2977 et
1400 2914 1663 2999 viribuS,
1722 2914 1953 2999 quibus
1998 2936 2111 2998 pa-

199 3020 302 3064 res
355 3022 491 3066 non
545 3023 824 3067 eramus:
886 3002 1041 3066 victi
1095 3024 1315 3068 sumus
1369 3003 1570 3087 igitur
1624 3007 1762 3087 aut,
1826 3003 1882 3067 si
1938 3003 2112 3067 vinci

201 3087 484 3172 dignitas
528 3111 665 3155 non
708 3093 942 3176 potest,
984 3091 1177 3156 fracti
1222 3094 1392 3155 certe
1438 3094 1504 3156 et
1548 3091 1807 3174 abiecti3
1863 3092 1934 3155 in
1983 3113 2111 3175 quo

199 3180 385 3240 tuum
431 3178 769 3243 consilium
813 3201 1004 3244 nemo
1060 3182 1278 3264 potest
1320 3201 1455 3244 non
1501 3180 1775 3244 maxime
1827 3179 2113 3265 laudare,

202 3263 373 3348 quod
435 3284 582 3327 cum
654 3287 766 3349 spe
837 3268 1136 3333 vincendi
1208 3268 1397 3333 simul
1470 3268 1760 3333 abiecisti
1822 3268 2113 3333 certandi

340 3452 444 3522 Ep.
485 3457 534 3521 7,
565 3458 612 3507 1.
684 3455 920 3512 iudicem
956 3458 1068 3526 (M.‚
1106 3459 1317 3530 vulgo).
1388 3459 1575 3516 iudico
1612 3459 2007 3531 (Kleyn.,-B.)?
