2338 3691
237 134 361 200 128
797 137 871 191 Μ.
910 135 1157 191 TULLII
1192 133 1575 191 CICERONIS

232 280 698 347 coniurationis
744 282 1046 365 oderunt,
1089 281 1329 365 partim
1385 282 1535 342 mihi
1587 301 1723 345 non
1769 279 2042 345 credunt
2088 279 2162 344 et

234 394 274 435 a
299 391 402 435 me
429 369 698 435 insidias
732 373 1034 435 metuunt
1069 391 1189 435 nec
1224 373 1462 454 putant
1498 370 1553 434 ei
1592 390 1892 434 nummos
1930 368 2158 433 deesse

232 478 441 544 posse,
485 459 597 544 qui
643 479 721 523 ex
767 458 1102 524 obsidione
1152 458 1552 523 feneratores
1599 458 1920 523 exemerit.
2000 455 2157 522 Om-

233 548 391 613 nino
439 547 810 613 semissibus
854 568 1096 633 magna
1139 548 1328 632 copia
1374 551 1497 632 est3
1551 568 1673 633 ego
1729 550 1948 611 autem
1991 548 2158 611 meis

232 637 425 701 rebus
472 637 672 721 gestis
727 637 853 702 hoc
901 659 1043 701 sum
1089 640 1421 701 assecutus
1430 688 1448 721 ,
1505 640 1580 701 ut
1623 636 1869 700 bonum
1912 657 2159 700 nomen

165 739 197 788 3
235 725 576 790 existimer.
665 724 949 792 Domum
994 729 1177 790 tuam
1221 728 1416 809 atque
1461 725 1974 789 aedificationem
2020 746 2159 789 om-

233 835 384 878 nem
438 815 735 899 perspexi
799 818 867 879 et
919 814 1335 879 veliementer
1385 814 1673 899 probavi.
1772 813 2160 897 Antonium,

235 903 357 967 etsi
402 904 537 968 eius
582 904 654 968 in
697 926 800 968 me
847 904 1062 968 officia
1108 924 1332 969 omnes
1380 902 1773 985 desiderant,
1815 906 2039 967 tamen
2082 902 2161 966 in

235 996 463 1057 senatu
528 993 906 1079 gravissime
971 1014 1046 1057 ac
1109 991 1598 1078 diligentissime
1653 990 1912 1056 defendi
1968 1012 2159 1055 sena-

232 1083 499 1165 tumque
545 1081 959 1147 vehementer
1003 1081 1296 1147 oratione
1342 1102 1487 1145 mea
1532 1083 1724 1164 atque
1767 1080 2159 1145 auctoritate

234 1170 572 1237 commovi.
642 1168 744 1237 Tu
789 1170 872 1236 ad
917 1191 1019 1236 me
1063 1170 1257 1235 velim
1300 1170 1551 1236 litteras
1588 1168 1871 1235 crebrius
1909 1169 2159 1235 mittas,

1116 1380 1265 1448 VII.

801 1492 918 1550 Ser.
955 1494 1167 1550 Romae
1204 1511 1255 1549 a.
1293 1513 1347 1549 u.
1386 1511 1433 1553 ο.
1472 1499 1592 1550 692.

234 1618 309 1676 Μ.
348 1618 660 1675 TULLIUS
704 1619 779 1673 M.
817 1618 880 1673 F.
917 1617 1176 1673 CICERO
1215 1617 1269 1673 8.
1305 1617 1374 1673 D.
1413 1617 1526 1673 CN.
1575 1616 1898 1674 POMPEIO
1935 1616 2046 1672 CN.
2088 1617 2154 1673 F.

801 1688 1065 1747 MAGNO
1101 1689 1569 1745 IMPERATORI.

170 1803 197 1852 1
372 1788 434 1855 S.
489 1789 561 1854 Τ.
615 1788 692 1854 Ε.
747 1788 820 1866 Q.
865 1788 945 1854 V.
999 1788 1073 1854 B.
1130 1789 1208 1854 E.
1264 1861 1271 1868 ,
1315 1787 1418 1854 Ex
1478 1789 1710 1855 litteris
1771 1788 1927 1874 tuis,
1991 1809 2155 1874 quas

237 1879 494 1965 publice
537 1879 787 1963 misisti,
833 1879 973 1963 cepi
1016 1900 1150 1944 una
1187 1901 1332 1943 cum
1374 1879 1673 1945 omnibus
1709 1878 2156 1944 incredibilem

237 1969 664 2053 voluptatem3
708 1971 960 2032 tantam
988 1969 1160 2032 enim
1190 1989 1369 2052 spem
1399 1969 1514 2033 otii
1554 1968 1909 2052 ostendisti,
1950 1990 2155 2052 quan-

238 2061 376 2122 tam
419 2078 543 2143 ego
591 2078 839 2142 semper
884 2057 1184 2122 omnibus
1226 2061 1293 2122 te
1339 2079 1471 2122 uno
1514 2058 1721 2123 fretus
1774 2057 2155 2143 pollicebar;

240 2145 353 2211 sed
406 2145 532 2211 hoc
587 2146 776 2231 scito,
835 2148 986 2210 tuos
1040 2150 1287 2210 veteres
1340 2145 1562 2211 hostes
1570 2198 1589 2233 ,
1651 2167 1855 2212 novos
1912 2145 2155 2211 amicos

239 2235 653 2300 vehementer
703 2236 938 2300 litteris
990 2235 1320 2319 perculsos
1374 2239 1567 2320 atque
1622 2257 1700 2300 ex
1752 2255 1994 2320 magna
2039 2256 2156 2319 spe

171 2343 204 2394 2
243 2324 617 2390 deturbatos
661 2325 885 2389 iacere.
975 2324 1080 2389 Ad
1125 2345 1228 2387 me
1274 2325 1491 2390 autem
1535 2325 1784 2389 litteras
1830 2344 1991 2408 quas
2036 2325 2156 2388 mi-

224 2413 402 2498 sisti,
447 2434 836 2498 quamquam
881 2412 1181 2499 exiguam
1217 2412 1754 2497 significationem
1798 2416 1951 2478 tuae
1997 2432 2157 2498 erga

241 2524 345 2566 me
388 2503 744 2568 voluntatis
780 2501 1127 2585 habebant,
1171 2505 1393 2566 tamen
1435 2502 1596 2566 mihi
1640 2502 1803 2567 scito
1838 2501 2156 2567 iucundas

240 2592 468 2676 fuisse3
513 2592 694 2656 nulla
739 2592 911 2656 enim
955 2611 1024 2654 re
1070 2592 1207 2654 tam
1252 2590 1481 2654 laetari
1524 2591 1701 2657 soleo
1742 2612 1937 2675 quam
1979 2611 2155 2656 meo—

240 2702 388 2746 rum
432 2680 793 2747 officiorum
846 2679 1267 2763 conscientia,
1326 2680 1557 2763 quibus
1604 2680 1658 2745 si
1704 2679 1962 2764 quando
2017 2700 2158 2745 non

242 2773 465 2836 mutue
520 2769 970 2854 respondetur,
1033 2768 1205 2851 apud
1258 2789 1362 2832 me
1415 2770 1562 2853 plus
1625 2768 1824 2834 officii
1876 2768 2155 2834 residere

241 2859 548 2924 facillime
591 2858 830 2942 patior:
884 2856 1045 2920 illud
1088 2877 1227 2921 non
1271 2855 1525 2942 dubito,
1570 2858 1754 2944 quin,
1800 2859 1854 2923 si
1897 2862 1965 2923 te
2012 2878 2156 2924 mea

245 2968 495 3012 summa
538 2967 697 3032 erga
738 2950 804 3010 te
850 2944 1064 3010 studia
1097 2967 1330 3030 parum
1363 2947 1524 3012 mihi
1559 2947 2009 3032 adiunxerant,
2054 2969 2155 3012 res

244 3036 505 3119 publica
555 3056 676 3100 nos
733 3035 904 3099 inter
954 3056 1075 3101 nos
1133 3034 1556 3100 conciliatura
1607 3037 2154 3121 coniuncturaque

176 3141 209 3190 3
242 3124 349 3187 sit.
439 3123 555 3209 Ac,
597 3143 681 3187 ne
725 3125 1012 3209 ignores,
1057 3124 1212 3208 quid
1257 3143 1378 3209 ego
1424 3125 1494 3189 in
1538 3125 1668 3190 tuis
1711 3126 1945 3190 litteris
1992 3127 2154 3192 desi·

242 3211 548 3295 dei-arim,
601 3211 877 3305 scribam
929 3217 1176 3298 aperte,
1240 3213 1408 3279 sicut
1469 3217 1536 3279 et
1596 3235 1741 3280 mea
1792 3218 2032 3281 natura
2092 3218 2157 3282 et

387 3417 490 3487 Ep.
532 3424 580 3483 6,
608 3423 658 3470 2.
724 3425 941 3487 partem
974 3424 1110 3476 mihi
1143 3439 1260 3478 non
1294 3425 1521 3480 credunt
1558 3425 1707 3495 (W.).
1771 3442 1833 3495 p.
1871 3443 1927 3480 n.
1957 3442 2033 3482 cr.
2062 3427 2154 3495 M„

246 3488 435 3559 vulgo.
506 3487 609 3556 Ep.
634 3494 681 3555 7,
702 3494 749 3541 2.
788 3491 1168 3548 adiunxerant
1186 3493 1396 3565 (Crat).
1471 3496 1834 3552 adiunxerint
1850 3497 1942 3565 M„
1962 3498 2153 3570 vulgo.

127 3574 169 3594 h..
