2338 3691
676 112 1193 169 EPISTOLARUM
1229 115 1323 171 VI.
1363 121 1411 169 ’1.
1449 122 1498 171 8.
1917 113 2044 181 175

158 276 305 340 esse,
348 258 450 342 egi
492 258 903 325 vehementer
948 282 1095 325 cum
1138 260 1219 325 iis
1228 310 1246 344 ,
1303 263 1379 325 ut
1420 260 1546 326 hoc
1590 260 1752 325 mihi
1797 260 2045 345 darent,

154 343 261 408 tibi
299 344 368 409 in
404 344 637 433 Sicilia,
682 349 895 434 quoad
932 350 1259 433 vellemne,
1304 370 1443 414 esse
1478 349 1577 413 uti
1616 349 1854 414 liceret.
1918 348 2043 426 Qui

154 433 296 497 mihi
329 441 747 503 consuessent
783 442 897 503 aut
931 439 1208 503 libenter
1243 437 1550 522 polliceri,
1586 438 1642 502 si
1677 438 1832 522 quid
1873 442 2044 503 esset

154 520 470 610 eiusmodi,
525 527 697 609 quod
740 548 964 592 eorum
1010 527 1262 592 animos
1307 548 1443 592 non
1497 526 1875 613 offenderet,
1929 531 2044 593 aut

154 611 326 676 etiam
387 636 627 700 negare
691 619 757 680 et
818 615 1044 681 afferre
1115 616 1463 699 rationem,
1534 637 1647 681 cur
1708 620 2044 702 negarent,

154 698 283 766 huic
339 724 525 768 meae
586 704 914 790 rogationi
974 705 1066 770 vel
1127 704 1566 788 efflayitationi
1625 706 1844 790 potius
1905 727 2043 771 non

151 790 438 858 continuo
483 793 983 877 responderunt3
1028 794 1255 858 eodem
1292 794 1395 858 die
1431 796 1653 858 tamen
1689 794 1772 859 ad
1806 816 1909 859 me
1946 816 2042 860 re·

150 882 485 965 verterunt3
539 882 701 946 mihi
753 882 879 948 hoc
933 882 1273 968 dederunt,
1326 886 1401 948 ut
1457 904 1629 947 esses
1681 883 1755 947 in
1808 881 2043 967 Sicilia,

150 969 340 1049 quoad
384 971 611 1055 velles3
667 993 734 1036 se
779 975 1222 1057 praestaturos
1276 971 1442 1037 nihil
1488 993 1566 1036 ex
1609 993 1686 1037 eo
1730 975 1797 1036 te
1844 972 2042 1038 offen-

149 1055 328 1122 sionis
372 1057 767 1138 habiturum.
858 1059 1206 1145 Quoniam,
1250 1060 1404 1146 quid
1448 1061 1571 1125 tibi
1614 1061 2043 1146 permittatur,

149 1147 446 1233 cognosti,
494 1149 649 1233 quid
693 1149 854 1214 mihi
897 1151 1168 1235 placeat,
1212 1153 1372 1234 puto
1417 1153 1484 1214 te
1530 1150 1691 1214 scire
1729 1154 2042 1234 oportere.

147 1232 310 1299 Actis
371 1237 478 1303 his
542 1238 737 1303 rebus
796 1239 1049 1304 litterae
1105 1261 1145 1303 a
1196 1242 1263 1303 te
1317 1238 1478 1303 mihi
1531 1238 1817 1303 redditae
1873 1242 2043 1324 sunt,
2078 1251 2112 1302 2

148 1324 358 1406 quibus
405 1327 447 1391 a
492 1348 597 1392 me
643 1328 983 1393 consilium
1027 1328 1222 1414 petis,
1267 1328 1420 1413 quid
1469 1328 1589 1392 sim
1633 1328 1757 1392 tibi
1802 1322 2044 1413 auctor,

146 1411 206 1475 in
247 1411 547 1480 Siciliane
590 1421 662 1481 ut
705 1416 998 1482 subsidas
1053 1438 1141 1481 an
1192 1420 1270 1482 ut
1322 1416 1405 1480 ad
1457 1416 1761 1500 reliquias
1806 1416 2043 1481 Asiati·

149 1522 243 1578 cae
283 1505 751 1589 negotiationis
795 1505 1221 1589 proficiscare.
1290 1504 1473 1571 Haec
1515 1509 1631 1570 tua
1667 1505 2043 1571 deliberatio

149 1610 265 1655 non
311 1594 478 1658 mihi
536 1595 880 1660 convenire
931 1596 1072 1659 visa
1125 1598 1225 1660 est
1278 1616 1426 1659 cum
1480 1595 1772 1660 oratione
1819 1594 2043 1680 Largi3

148 1677 239 1743 ille
281 1682 454 1747 enim
502 1705 783 1769 mecum,
837 1684 1021 1768 quasi
1073 1684 1197 1748 tibi
1251 1704 1388 1749 non
1438 1683 1660 1749 liceret
1711 1684 1782 1748 in
1828 1682 2045 1749 Sicilia

152 1766 366 1836 diutius
404 1774 812 1858 commorari,
854 1774 949 1837 ita
984 1774 1239 1838 locutus
1277 1775 1434 1858 erat,
1477 1777 1552 1838 tu
1588 1776 1824 1858 autem,
1860 1774 2044 1858 quasi

153 1877 509 1928 concessum
574 1863 685 1947 sit,
745 1864 840 1927 ita
899 1863 1232 1928 deliberas.
1322 1861 1449 1928 Sed
1510 1883 1663 1948 eg0,
1723 1864 1856 1929 sive
1919 1863 2044 1928 hoc

153 1946 265 2013 sive
305 1951 469 2016 illud
507 1955 625 2036 est,
669 1952 741 2016 in
777 1950 996 2017 Sicilia
1031 1973 1262 2017 censeo
1300 1950 1852 2017 commorandum:
1897 1973 2044 2035 pro·

148 2035 458 2124 pinquitas
512 2042 805 2106 locorum
864 2042 968 2105 vel
1031 2041 1112 2105 ad
1175 2040 1652 2125 impetrandum
1716 2040 2046 2105 adiuvabit

149 2127 366 2193 crebris
410 2129 650 2194 litteris
697 2133 762 2194 et
806 2130 1053 2195 nuntiis
1098 2131 1200 2196 vel
1246 2129 1327 2194 ad
1364 2129 1607 2194 reditus
1653 2129 2046 2194 celeritatem

148 2233 206 2276 re
255 2220 366 2282 aut
417 2218 794 2302 impetrata,
856 2218 1029 2302 quod
1084 2240 1326 2304 spero,-
1365 2222 1480 2283 aut
1532 2219 1749 2302 aliqua
1792 2218 2045 2283 ratione

150 2305 458 2391 confecta3
503 2308 920 2392 quamobrem
966 2328 1196 2373 censeo
1242 2329 1481 2394 magno
1529 2328 1719 2391 opere
1767 2328 2045 2372 commo-

148 2394 423 2460 randum.
516 2395 589 2461 T.
633 2395 945 2461 Furfanio
990 2396 1331 2481 Postum0,
1384 2396 1689 2461 familiari
1732 2417 1904 2481 meo,
1956 2398 2044 2461 le·
2080 2407 2115 2459 3

152 2483 430 2569 gatisque
479 2485 633 2569 ciue,
675 2485 833 2550 item
869 2484 1028 2550 meis
1063 2485 1508 2569 familiaribus,
1552 2484 2043 2569 diligentissime

149 2572 205 2633 te
247 2574 728 2658 commendabo,
772 2596 971 2659 quum
1006 2575 1330 2658 venerint3
1376 2576 1563 2639 erant
1606 2573 1779 2638 enim
1823 2595 2045 2639 omnes

152 2654 454 2727 Mutinae:
508 2662 632 2727 viri
685 2666 840 2728 sunt
884 2663 1113 2748 optimi
1166 2667 1234 2729 et
1284 2663 1381 2728 tui
1426 2663 1731 2728 similium
1776 2662 2048 2727 studiosi

155 2750 210 2810 et
248 2751 372 2815 mei
416 2752 779 2817 necessarii.
870 2750 1046 2828 Quae
1100 2752 1262 2817 mihi
1305 2752 1569 2816 venient
1619 2752 1691 2815 in
1744 2754 2047 2835 mentem,

157 2856 300 2918 quae
344 2841 429 2905 ad
471 2845 538 2906 te
582 2841 905 2926 pertinere
952 2842 1333 2925 arbitrabor,
1378 2863 1455 2906 ea
1489 2862 1635 2906 mea
1672 2842 1903 2924 sponte
1947 2839 2045 2903 fa-

156 2924 327 2992 ciam:
383 2930 440 2994 si
483 2930 638 3014 quid
681 2930 1025 3015 ignorabo,
1080 2932 1158 2995 de
1214 2952 1289 2994 eo
1336 2929 1703 2994 admonitus
1758 2928 2046 2993 omnium

160 3015 350 3082 studia
410 3019 683 3084 vincam.
772 3019 918 3106 Ego
984 3019 1107 3084 etsi
1169 3040 1387 3085 coram
1441 3018 1519 3082 de
1574 3022 1638 3083 te
1698 3038 1844 3081 cum
1888 3017 2046 3082 Fur-

158 3099 317 3170 fanio
361 3107 468 3172 ita-
497 3109 754 3194 loquar,
797 3112 874 3173 ut
915 3108 1036 3172 tibi
1079 3108 1312 3173 litteris
1358 3107 1517 3171 meis
1558 3106 1646 3170 ad
1692 3127 1839 3170 eum
1881 3106 2047 3170 nihil

161 3209 304 3275 opus
357 3197 462 3282 sit,
524 3201 774 3284 tamen,
837 3197 1145 3282 quoniam
1197 3198 1329 3261 tuis
1392 3195 1636 3279 placuit
1688 3197 1753 3258 te
1807 3193 2045 3259 habere

283 3404 384 3476 Ep.
420 3415 468 3477 8,
501 3416 548 3464 1.
619 3424 734 3478 roy.
771 3410 854 3464 vel
897 3405 1292 3477 efflayitationi
1324 3404 1517 3472 potius
1564 3403 1713 3470 (W.).
1784 3417 1831 3454 r.
1870 3417 1931 3467 p.
1968 3399 2042 3450 M.

161 3486 199 3525 r.
231 3476 324 3531 vel.
359 3479 481 3550 stay.
509 3498 571 3550 p.
603 3479 747 3550 sch„
775 3480 838 3535 B.
912 3485 962 3533 2.
1020 3475 1310 3532 adiuvabit
1347 3474 1536 3543 (Ern.).
1614 3472 1846 3525 adiuvat
1877 3468 2008 3520 ΜΒ.
