2338 3691
664 149 1183 206 EPISTOLARUM
1218 144 1347 204 XV.
1391 151 1617 207 19-21,
1970 153 2101 217 529

177 296 389 381 rebuS,
434 296 512 361 de
556 299 699 362 toto
743 296 1029 382 negotio,
1073 299 1150 360 ut
1186 293 1554 361 existimare
1590 297 1930 381 possimne,
1971 319 2097 381 quo

178 389 354 451 statu
400 386 625 450 simus:
672 406 793 471 ego
838 389 1097 450 tantum
1136 406 1239 450 me
1278 383 1438 449 scire
1474 385 1739 471 putab0,
1784 389 2098 470 quantum

176 496 257 540 ex
299 475 429 539 tuis
475 474 709 538 litteris
753 473 1006 539 habebo
1064 474 1413 560 cognitum.
1504 471 1626 539 Cur
1635 495 1699 559 a,
1753 477 1828 539 ut
1880 475 2096 539 valeas

176 584 406 647 meque
454 584 629 627 ames
675 583 893 627 amore
936 563 1048 627 illo
1099 566 1210 628 tuo
1258 562 1590 648 singulari.

1047 756 1226 821 XXI.

176 869 294 924 Ser.
332 869 543 925 Romae
578 871 711 940 post
744 867 869 924 Kal.
908 869 1028 924 Oct.
1067 870 1277 937 (mense
1312 868 1665 937 Decembri?)
1705 885 1754 923 a.
1791 888 1845 923 u.
1885 888 1931 924 c.
1972 876 2089 925 707.

584 993 659 1047 Μ.
699 992 956 1049 CICERO
997 993 1051 1048 S.
1088 993 1155 1048 D.
1196 993 1253 1048 C.
1291 992 1679 1048 TREBONIO.

315 1092 406 1157 Et
445 1094 785 1177 epistolam
823 1096 1006 1158 tuam
1038 1093 1172 1178 legi
1203 1093 1482 1158 libenter
1516 1095 1586 1157 et
1617 1093 1855 1158 librum
1890 1093 2091 1158 liben-

177 1182 453 1265 tissime3
515 1183 627 1246 sed
684 1184 906 1246 tamen
965 1182 1039 1246 in
1100 1202 1178 1246 ea
1238 1182 1571 1265 voluptate
1636 1181 1811 1246 hunc
1875 1184 2092 1268 accepi

180 1272 484 1354 dolorem,
529 1270 720 1355 quod,
766 1292 964 1355 quum
999 1270 1395 1335 incendisses
1432 1269 1850 1354 cupiditatem
1883 1291 2093 1335 meam

177 1359 662 1426 consuetudinis
701 1359 1034 1444 augendae
1079 1363 1342 1424 nostrae
1371 1394 1455 1405 —-
1482 1380 1638 1423 nam
1682 1358 1764 1423 ad
1810 1379 2093 1424 amorem

177 1448 436 1533 quidem
490 1447 655 1512 nihil
707 1451 966 1532 poterat
1019 1447 1319 1513 accedere
1364 1483 1478 1531 -,
1528 1450 1671 1512 tum
1725 1447 1998 1512 discedis
2052 1470 2093 1512 a

174 1538 366 1603 nobis
412 1557 642 1620 meque
686 1540 873 1602 tanto
921 1537 1235 1601 desiderio
1282 1536 1514 1619 afficiS‚
1570 1539 1646 1600 ut
1690 1557 1889 1600 unam
1931 1536 2090 1600 mihi

175 1625 690 1692 consolationem
732 1625 1077 1710 relinquaS,
1118 1626 1260 1690 fore
1305 1628 1380 1689 ut
1418 1624 1751 1709 utriusque
1797 1627 2092 1690 nostrum

175 1714 464 1780 absentis
512 1713 897 1779 desiderium
935 1714 1175 1779 crebris
1212 1718 1278 1779 et
1309 1714 1527 1798 longis
1568 1713 1857 1797 epistolis
1892 1713 2091 1778 lenia·

173 1808 306 1869 tur:
357 1802 530 1887 quod
576 1822 698 1889 ego
743 1824 881 1869 non
923 1803 1115 1869 modo
1163 1802 1242 1868 de
1286 1823 1389 1867 me
1425 1802 1546 1868 tibi
1585 1801 1900 1887 spondere
1944 1824 2089 1887 pos-

174 1914 338 1977 sum,
380 1892 495 1964 sed
541 1891 619 1956 de
663 1895 729 1956 te
775 1893 972 1957 etiam
1015 1892 1205 1975 mihi3
1257 1892 1505 1957 nullam
1550 1892 1723 1956 enim
1768 1891 1941 1976 apud
1985 1914 2088 1957 me

173 1981 492 2066 reliquisti
537 1980 1025 2065 dubitationem,
1071 1984 1385 2066 quantum
1419 2002 1522 2045 me
1562 2002 1828 2045 amares,
1899 1978 2090 2066 Nam,

172 2074 250 2134 ut
305 2070 419 2134 illa
473 2069 796 2154 omittam,
850 2091 1014 2155 quae
1069 2070 1327 2134 civitate
1380 2072 1547 2134 teste
1599 2069 1839 2154 fecisti,
1893 2091 2090 2154 quum

172 2179 429 2223 mecum
472 2158 842 2223 inimicitias
898 2158 1477 2242 communicavisti‚
1531 2179 1731 2242 quum
1784 2178 1886 2222 me
1940 2179 2089 2224 con-

175 2246 473 2311 cionibus
499 2246 629 2310 tuis
658 2246 1017 2332 defendisti,
1055 2270 1254 2331 quum
1291 2249 1595 2331 quaestOr
1629 2247 1699 2310 in
1725 2268 1869 2311 mea
1896 2250 2088 2330 atque

172 2335 246 2400 in
292 2334 553 2418 publica
598 2355 792 2399 causa
835 2337 1174 2402 consulum
1217 2338 1434 2420 partes
1481 2335 1846 2419 suscepisti,
1891 2357 2091 2419 quum

170 2423 437 2489 tribuno
482 2422 690 2508 plebis
738 2430 1039 2508 quaestor
1074 2446 1212 2490 non
1247 2424 1539 2509 paruisti,
1583 2423 1686 2488 cui
1720 2426 1871 2488 tuus
1907 2445 2089 2507 prae-

173 2513 398 2578 sertim
445 2513 694 2598 collega
736 2518 1020 2598 pareret‚
1063 2517 1139 2578 ut
1183 2513 1343 2578 haec
1386 2512 1699 2596 recentia,
1751 2534 1914 2597 quae
1959 2534 2088 2577 me-

171 2601 420 2667 minero
468 2623 738 2686 semper,
783 2602 1150 2686 obliviscar,
1206 2623 1368 2686 quae
1422 2606 1539 2667 tua
1592 2601 1955 2667 sollicitudo
2011 2601 2089 2665 de

171 2710 278 2754 me
329 2690 402 2753 in
457 2691 652 2755 armis
659 2742 678 2775 ,
741 2713 906 2774 quae
964 2691 1215 2755 laetitia
1275 2691 1347 2754 in
1399 2690 1637 2775 reditu,
1691 2710 1866 2775 quae·
1919 2711 2088 2773 cura,

172 2778 286 2863 qui
331 2778 541 2863 dolor,
595 2801 795 2862 quum
851 2779 933 2845 ad
986 2782 1052 2844 te
1099 2801 1288 2845 curae
1343 2782 1411 2844 et
1461 2779 1714 2845 dolores
1768 2777 1896 2842 mei
1947 2799 2087 2862 per-

167 2868 523 2952 ferrentur,
575 2866 995 2932 Brundisium
1040 2867 1314 2953 denique
1358 2871 1425 2932 te
1471 2868 1554 2932 ad
1597 2889 1700 2932 me
1745 2869 2088 2932 venturum

165 2955 398 3041 fuisse,
452 2956 580 3021 nisi
635 2956 848 3022 subito
903 2957 975 3020 in
1027 2955 1415 3042 Hispaniam
1467 2957 1700 3021 missus
1757 2977 1928 3021 esses
1937 3007 1955 3040 ,
2002 2993 2085 3002 —

166 3046 247 3108 ut
305 3044 468 3110 haec
529 3045 731 3130 igitur
805 3045 1127 3131 omittam,
1200 3066 1363 3130 quae
1430 3045 1591 3110 mihi
1661 3044 1830 3109 tanti
1901 3044 2089 3109 aesti-

167 3133 409 3198 manda
439 3137 610 3218 sunt,
646 3134 874 3218 quanti
911 3134 1111 3199 vitam
1139 3135 1409 3199 aestimo
1448 3137 1515 3198 et
1552 3134 1826 3199 salutem
1859 3155 2088 3218 meam,

167 3220 335 3286 liber
378 3222 520 3306 iste,
565 3244 756 3307 quem
801 3223 962 3288 mihi
1006 3224 1256 3307 misisti,
1302 3225 1613 3307 quantam
1645 3221 1846 3286 habet
1881 3222 2087 3287 decla·

313 3429 416 3501 Ep.
455 3437 541 3499 21,
571 3439 620 3488 2.
685 3438 924 3502 pareret,
960 3438 1023 3487 ut
1051 3475 1063 3487 .
1086 3434 1321 3501 ..perfi,
1357 3432 1459 3486 Br.
1500 3473 1512 3484 .
1537 3472 1583 3484 ..
1622 3445 1772 3503 esses,
1800 3459 1871 3468 —
1898 3434 1963 3483 ut

163 3516 358 3567 meam,
396 3503 431 3558 l.
471 3504 621 3574 (W.).
686 3520 781 3572 p.;
815 3509 880 3558 ut
916 3520 1120 3573 ...μς
1154 3504 1257 3558 Br.
1420 3518 1494 3566 e.,·
1527 3505 1593 3555 ut
1741 3515 1841 3552 m..·
1877 3498 1911 3551 l.
1949 3497 2011 3550 B.

277 3588 504 3634 Ciceronis
531 3592 658 3643 epist.
685 3594 725 3635 1.
1587 3590 1658 3638 34
