2338 3691
341 150 695 218 M.'TULL11
721 161 1102 217 CICERONIS
1132 153 1658 215 EPISTOLARUM
1685 160 1801 215 xv.
1836 168 1880 215 1.
1971 160 2100 222 499

185 309 257 371 in
308 307 548 371 finibus
594 304 956 391 Lycaoniae
1012 308 1079 370 et
1134 302 1580 390 Cappadociae
1634 303 1794 369 mihi
1847 305 2100 369 litterae

187 395 470 459 redditae
517 398 672 459 sunt
716 416 755 458 a
802 393 1329 477 Tarcondimoto,
1382 394 1493 477 qui
1545 392 1953 457 fidelissimus
2001 414 2100 458 so-

189 484 322 548 cius
353 486 550 547 trans
602 482 887 547 Taurum
941 482 1489 565 amicissimusque
1544 481 1767 565 populi
1822 479 2100 545 Romani

187 571 608 654 existimatur,
650 568 968 635 Pacorum
1014 567 1213 635 Orodi
1256 570 1427 653 regis
1462 568 1851 634 Parthorum
1894 568 2101 632 filium

185 680 334 724 cum
378 678 733 744 permagno
781 658 1070 743 equitatu
1109 657 1414 723 Parthico
1458 657 1767 722 transisse
1813 656 2100 741 Euphra-

186 752 319 812 tem
355 751 423 811 et
458 750 670 811 castra
704 748 996 832 posuisse
1025 746 1244 830 Tybae
1281 766 1714 831 magnumque
1750 745 2100 809 tumultum

187 857 325 900 esse
380 836 450 899 in
503 835 837 920 provincia
883 832 1068 919 Syria
1131 834 1505 916 excitatum3
1569 833 1795 899 eodem
1857 833 1957 898 die
2017 833 2099 897 ab

187 922 544 989 Iamblicho
552 973 572 1005 ,
616 922 970 1007 phylarcho
1015 921 1334 1006 Arabum,
1389 944 1580 1006 quem
1622 922 1919 987 homines
1967 922 2099 1006 opi-

146 1057 147 1060 ,
189 1015 431 1076 nantur
491 1010 655 1075 bene
711 1012 949 1075 sentire
1006 1012 1405 1094 amicumque
1461 1032 1597 1075 esse
1660 1010 1754 1074 rei
1807 1010 2100 1094 publicae

191 1103 470 1182 nostrae,
512 1100 764 1163 litterae
803 1099 880 1164 de
916 1099 1143 1164 iisdem
1181 1099 1371 1163 rebus
1408 1099 1569 1163 1111111
1605 1098 1889 1162 redditae
1932 1101 2100 1162 sunt.

191 1186 314 1251 His
367 1187 557 1251 rebus
613 1188 875 1271 allatis,
907 1188 1028 1252 etsi
1080 1187 1523 1271 intelligebam
1578 1187 1786 1252 socios
1848 1185 2098 1250 infirme
2138 1201 2170 1249 3

155 1341 165 1350 ,
193 1276 514 1340 animatos
559 1296 695 1339 esse
742 1278 808 1340 et
850 1296 1165 1341 novarum
1201 1297 1415 1340 rerum
1453 1275 1928 1359 exspectatione
1967 1296 2100 1338 sus-

191 1384 427 1448 pensos
435 1413 454 1446 ,
508 1363 848 1448 sperabam
902 1366 1120 1427 tamen
1178 1385 1312 1447 eos,
1369 1363 1449 1427 ad
1504 1385 1665 1447 quos
1719 1363 1851 1427 iam
1895 1382 2101 1426 acces-

192 1474 401 1517 seram
437 1451 670 1536 quique
707 1455 997 1517 nostram
1034 1451 1592 1516 mansuetudinem
1635 1450 2102 1536 integritatem-

193 1561 314 1629 que
377 1543 863 1625 perspexerant,
921 1540 1257 1605 amiciores
1319 1540 1558 1624 populo
1614 1539 1910 1604 Romano
1966 1560 2103 1603 esse

191 1625 418 1712 factos,
465 1624 756 1701 Ciliciam
802 1631 1017 1693 autem
1061 1628 1410 1694 firmiorem
1454 1627 1613 1711 fore,
1659 1627 1714 1691 si
1759 1626 2102 1710 aequitatis

192 1719 453 1781 nostrae
507 1716 830 1800 particeps
884 1716 1060 1780 facta
1123 1719 1317 1780 esset:
1382 1719 1448 1780 et
1510 1715 1593 1780 ob
1649 1736 1792 1780 eam
1845 1736 2105 1780 causam

195 1807 264 1869 et
313 1807 388 1869 ut
442 1804 959 1889 opprimerentur
1010 1804 1086 1889 ii,
1149 1805 1260 1890 qui
1323 1824 1400 1869 ex
1447 1801 1715 1870 Cilicum
1779 1806 1970 1906 gente
2033 1804 2105 1868 in

197 1892 394 1958 armis
450 1895 690 1976 essent,
754 1895 820 1957 et
875 1896 950 1957 ut
991 1892 1200 1958 hostis
1254 1893 1336 1976 is,
1400 1894 1509 1976 qui
1565 1896 1737 1958 esset
1784 1894 1857 1957 in
1902 1889 2104 1977 Syria,

195 1981 391 2045 sciret
435 1981 782 2045 exercitum
828 1982 1050 2066 populi
1091 1980 1372 2046 Romani
1414 2002 1549 2047 non
1594 1981 1785 2046 modo
1832 2002 1967 2046 non
2010 2001 2104 2045 re-

193 2069 414 2133 cedere
458 2068 538 2132 iis
593 2069 839 2134 nuntiis
894 2070 1135 2148 allatis,
1191 2070 1302 2133 sed
1358 2069 1552 2134 etiam
1604 2070 1869 2155 propius
1929 2089 2103 2133 acce·

193 2156 370 2239 dere,
424 2156 768 2221 exercitum
823 2156 903 2221 ad
960 2156 1245 2222 Taurum
1306 2157 1561 2222 institui
1614 2157 1860 2222 ducere.
1961 2154 2103 2240 Sed,
2139 2168 2174 2217 4

195 2244 250 2308 si
297 2243 451 2328 quid
496 2243 666 2327 apud
702 2267 817 2309 vos
855 2246 1207 2310 auctoritas
1245 2266 1389 2310 mea
1426 2245 1730 2330 ponderis
1774 2245 1990 2327 habet,
2032 2245 2105 2308 in

194 2333 274 2396 iis
320 2331 698 2416 praesertim
741 2333 959 2418 rebus,
1013 2354 1173 2417 quas
1219 2355 1334 2398 vos
1379 2333 1677 2416 audistis,
1732 2353 1851 2418 ego
1897 2332 2103 2416 paene

191 2441 406 2503 cern0,
451 2440 709 2522 magno
737 2442 926 2506 opere
971 2443 1086 2486 vos
1125 2424 1192 2486 et
1225 2420 1452 2486 hortor
1488 2424 1554 2485 et
1589 2442 1839 2504 mone0,
1883 2424 1958 2485 ut
2000 2420 2102 2485 his

191 2508 541 2594 provinciis
589 2508 791 2574 serius
837 2531 953 2575 vos
1000 2509 1276 2594 quidem,
1320 2531 1512 2593 quam
1557 2508 1787 2593 decuit,
1832 2508 1943 2573 sed
1990 2509 2102 2573 ali-

194 2596 451 2682 quando
497 2600 716 2661 tamen
771 2598 1141 2662 consulatis.
1230 2595 1370 2662 Nos
1426 2596 2006 2680 quemadmodum
2006 2597 2102 2661 in·

194 2688 472 2751 structos
519 2688 585 2749 et
629 2685 860 2769 quibus
905 2684 1241 2771 praesidiis
1286 2686 1571 2750 munitos
1618 2685 1700 2749 ad
1744 2685 1913 2749 tanti
1950 2684 2104 2748 belli

194 2772 566 2859 opinionem
630 2773 960 2857 miseritis,
1019 2795 1158 2840 non
1222 2773 1375 2838 estis
1436 2772 1679 2859 ignari:
1745 2772 1915 2857 quod
1981 2793 2101 2856 ego

191 2862 528 2947 negotium
581 2883 716 2926 non
770 2862 1045 2927 stultitia
1101 2864 1473 2927 occaecatus
1482 2913 1500 2946 ,
1556 2860 1666 2925 sed
1720 2860 2103 2925 verecundia

192 2950 536 3015 deterritus
572 2971 709 3015 non
742 2951 1059 3034 recusavi;
1104 2971 1312 3035 neque
1350 2950 1522 3014 enim
1558 2970 1864 3034 umquam
1899 2948 2103 3012 ullum

190 3039 547 3122 periculum
583 3042 840 3103 tantum
875 3039 1116 3122 putavi,
1154 3038 1327 3122 quod
1365 3037 1808 3122 subterfugere
1844 3036 2103 3101 mallem

191 3148 386 3210 quam
431 3128 681 3191 vestrae
729 3126 1102 3192 auctoritati
1147 3127 1607 3211 obtemperare.
1696 3124 1841 3199 Hoc
1888 3127 2102 3189 autem
2140 3144 2172 3194 5

193 3217 480 3298 tempore
526 3236 629 3280 res
677 3236 815 3279 sese
865 3216 954 3280 sic
999 3214 1214 3298 habet,
1259 3219 1350 3298 ut,
1396 3214 1521 3279 nisi
1569 3214 1915 3279 exercitum
1960 3216 2101 3276 tan-

190 3305 351 3382 tum,
400 3307 712 3386 quantum
759 3302 840 3367 ad
885 3304 1235 3368 maximum
1279 3303 1518 3366 bellum
1564 3302 1818 3365 mittere
1866 3300 2103 3382 soletis,

334 3493 437 3564 Ep.
481 3502 526 3564 1,
556 3502 603 3549 3.
679 3501 834 3551 esset:
872 3502 922 3552 et
960 3495 1109 3563 (W).
1184 3510 1227 3548 e.
1283 3493 1365 3548 Et
1399 3493 1585 3563 vulgo.
1646 3579 1676 3611 ”t

260 3596 267 3601 ·
1569 3585 1634 3632 32
