2338 3691
266 130 396 194 368
829 128 905 183 M.
944 127 1194 182 TULLII
1230 124 1612 182 CICERONIS

265 277 586 360 quotquot
622 276 792 359 sunt,
829 275 1173 338 conantem
1206 271 1387 355 loqui
1421 270 1589 336 ferre
1618 274 1941 355 poterunt.
2014 269 2184 356 Eg0,

261 365 386 429 tibi
420 367 497 429 ut
533 366 725 428 antea
761 362 1005 447 scripsi,
1043 361 1197 426 dum
1232 360 1392 425 mihi
1429 382 1468 424 a
1503 363 1568 425 te
1605 361 1860 425 litterae
1896 361 2184 446 veniant,

261 453 335 518 in
378 451 570 517 Italia
613 452 933 516 morabor.
1021 468 1162 516 vm.
1207 449 1287 514 K.
1330 448 1552 514 Iunias
1597 449 1940 535 Eporedia.

1092 644 1337 710 XXIV.

530 757 644 814 Scr.
682 759 894 819 Romae
929 759 1077 813 VIII.
1115 758 1247 812 Idus
1284 757 1473 813 Iunias
1512 773 1561 811 a.
1598 774 1652 811 u.
1691 772 1737 810 c.
1779 761 1896 810 ⁷11.

418 883 493 939 Μ.
533 883 788 940 CICERO
828 884 882 939 S.
919 882 984 938 D.
1021 883 1087 938 D.
1125 881 1373 939 BRUTO
1410 881 1559 936 IMP.
1596 879 1743 936 COS.
1781 880 2015 938 DESIG.

193 999 223 1049 1
392 982 606 1050 Narro
652 984 800 1049 tibi:
846 987 1040 1048 antea
1085 975 1531 1048 subirascebar
1568 980 1873 1047 brevitati
1917 988 2181 1048 tuarum

260 1074 649 1158 litterarum,
692 1094 867 1137 nunc
910 1072 1069 1137 mihi
1113 1073 1353 1157 loquax
1398 1092 1536 1136 esse
1582 1071 1828 1155 videor3
1873 1075 1937 1136 te
1976 1073 2181 1158 igitur

260 1163 579 1229 imitabor.
669 1161 877 1238 Quam
929 1163 1135 1226 multa
1188 1183 1383 1246 quam
1427 1159 1676 1244 paucis!
1731 1163 1796 1224 te
1849 1164 2022 1226 recte
2068 1183 2178 1226 va·
2233 1233 2238 1239 ,

258 1252 390 1317 lere
437 1273 824 1338 operamque
870 1251 1050 1333 dare,
1102 1253 1178 1315 ut
1222 1250 1506 1335 quotidie
1552 1249 1807 1333 melius3
1860 1248 2179 1334 Lepidum

260 1342 593 1407 commode
623 1340 886 1424 sentire3
911 1340 1121 1404 tribus
1150 1339 1532 1404 exercitibus
1561 1338 1813 1422 quidvis
1841 1360 1962 1404 nos
1987 1361 2177 1424 opor·

258 1434 393 1496 tere
441 1431 777 1496 confidere.
868 1427 937 1494 Si
989 1428 1255 1494 timidus
1302 1450 1536 1511 essem,
1587 1432 1809 1492 tamen
1862 1428 1990 1493 ista
2044 1429 2177 1513 epi·

258 1521 428 1586 stola
469 1521 629 1585 mihi
668 1540 924 1585 omnem
969 1523 1216 1584 metum
1262 1517 1698 1600 abstersisses;
1745 1516 1874 1602 sed,
1917 1520 1994 1582 ut
2038 1539 2174 1584 mo-

256 1630 394 1692 nes,
428 1609 686 1674 frenum
713 1607 1056 1693 momordi,
1101 1606 1358 1690 etenim,
1396 1607 1507 1691 qui
1541 1610 1608 1672 te
1634 1606 2175 1693 inclusoomnem

259 1719 438 1781 spem
481 1697 820 1762 habuerim
862 1698 933 1761 in
977 1700 1063 1779 te,
1108 1696 1261 1780 quid
1307 1716 1482 1760 nunc
1525 1694 1761 1780 putas?
1808 1695 1996 1780 cupio
2041 1696 2176 1761 iam

256 1786 546 1871 vigiliam
591 1807 828 1871 meam,
870 1784 1100 1869 Brute,
1143 1785 1265 1850 tibi
1308 1785 1586 1869 tradere,
1641 1784 1753 1850 sed
1797 1785 1917 1869 ita,
1970 1788 2047 1850 ut
2089 1807 2174 1851 ne

185 1889 218 1938 2
258 1876 462 1939 desim
507 1876 909 1940 constantiae
955 1896 1153 1940 meae.
1243 1874 1429 1951 Quod
1475 1874 1701 1940 scribis
1754 1874 1826 1938 in
1869 1874 2063 1939 ltalia
2105 1878 2174 1940 te

256 1967 677 2049 moraturum,
720 1964 874 2029 dum
917 1964 1039 2030 tibi
1083 1965 1337 2029 litterae
1383 1985 1563 2028 meae
1609 1963 1899 2048 veniant,
1956 1964 2011 2028 si
2055 1985 2174 2047 per

254 2051 510 2117 hostem
536 2053 705 2138 licet,
731 2074 866 2118 non
895 2053 1126 2119 erraris
1148 2090 1232 2100 —
1253 2054 1459 2117 multa
1487 2053 1659 2117 enim
1677 2052 1922 2117 Romae
1944 2089 2047 2137 —,
2067 2053 2175 2118 sin

256 2142 537 2207 adventu
598 2145 713 2207 tuo
776 2142 1019 2207 bellum
1080 2142 1310 2207 confici
1371 2145 1614 2226 potest,
1674 2141 1840 2206 nihil
1900 2142 2020 2206 tibi
2086 2143 2176 2207 sit

256 2231 602 2315 antiquius
707 2230 991 2295 Pecunia
1054 2230 1533 2316 expeditissima
1595 2251 1757 2313 quae
1820 2234 1984 2315 erat,
2047 2231 2174 2296 tibi

255 2319 512 2385 decreta
556 2323 671 2385 est.
742 2319 963 2385 Habes
1001 2320 1516 2385 amantissimum
1549 2320 1647 2383 tui
1684 2317 2001 2403 Servium3
2046 2342 2172 2385 nos

255 2430 390 2475 non
435 2408 755 2475 desumus,
843 2426 983 2474 vm.
1028 2408 1183 2473 Idus
1227 2407 1468 2473 Iunias.

1100 2602 1309 2669 XXV.

453 2714 566 2772 Sor.
605 2716 818 2772 Romae
853 2716 1028 2771 XIIII.
1067 2716 1191 2771 Kal.
1232 2715 1539 2783 Quinctiles
1576 2731 1627 2769 a.
1663 2730 1717 2769 u.
1754 2731 1802 2769 c.
1844 2720 1960 2769 711.

718 2841 794 2895 M.
833 2840 1091 2897 CICERO
1131 2839 1185 2895 S.
1223 2839 1289 2896 D.
1327 2839 1393 2894 D.
1431 2839 1693 2895 BRUTO.

182 2955 212 3005 1
382 2940 807 3027 Exspectanti
859 2941 1020 3007 mihi
1085 2945 1233 3006 tuas
1291 2940 1574 3025 quotidie
1634 2935 1886 3005 litteras
1941 2938 2168 3025 Lupus

250 3035 474 3097 noster
537 3032 751 3097 subito
817 3030 1247 3116 denuntiavit,
1309 3033 1385 3095 ut
1437 3030 1519 3094 ad
1572 3033 1637 3093 te
1684 3029 2054 3114 scriberem,
2110 3030 2169 3094 si

252 3119 406 3202 quid
451 3120 699 3186 vellem.
769 3119 915 3206 Ego
963 3123 1197 3205 autem,
1242 3120 1381 3204 etsi,
1426 3118 1582 3203 quid
1622 3118 1984 3202 scriberem,
2028 3140 2167 3184 non

393 3340 497 3414 Ep.
535 3350 619 3414 23,
648 3354 697 3402 2.
769 3354 1026 3419 quotquot
1074 3354 1206 3404 sunt
1255 3348 1461 3417 (Crat.)
1551 3353 1683 3419 quot
1729 3364 1769 3403 s.
1825 3346 1955 3401 ΜΒ.
2056 3346 2162 3416 Ep.

253 3419 339 3481 24,
369 3419 417 3467 2.
499 3417 641 3470 nihil
682 3417 785 3471 tibi
817 3420 891 3472 sit
921 3422 1207 3490 antiquius
1242 3420 1392 3489 (W).
1472 3436 1529 3474 n.
1566 3436 1607 3474 s,
1646 3438 1696 3474 α.
1735 3419 1825 3487 Μ.
1863 3418 2052 3489 vulgo.
2094 3447 2161 3457 -

252 3485 686 3542 amantissimum
720 3491 806 3544 tui
840 3491 898 3545 S.
936 3491 1148 3560 (Dresd.
1188 3494 1257 3547 3).
1332 3510 1383 3547 α.
1422 3490 1479 3546 S.
1517 3490 1609 3559 Μ.,
1645 3490 1832 3563 vulgo.
