2338 3691
732 173 1254 232 EPISTOLARUM
1289 177 1410 233 vn.
1449 183 1674 233 24—26.
2031 179 2163 243 219

239 339 558 403 unguem,
613 319 786 404 quod
841 320 1050 406 aiunt,
1105 342 1145 386 a
1201 322 1378 404 stilo;
1430 321 1487 386 is
1541 322 1715 386 enim
1769 326 1868 387 est
1912 323 2165 389 dicendi

241 407 489 492 opifex;
536 410 729 492 atque
776 409 1070 494 equidem
1106 410 1513 494 aliquantum
1546 411 1679 477 iam
1714 411 1910 478 etiam
1952 413 2164 480 noctis

241 517 525 563 assumn.

1081 691 1325 759 XXVI.

711 803 827 862 Sor.
862 804 925 860 in
960 804 1280 861 Tusculano
1316 821 1369 860 a.
1406 821 1461 859 u.
1499 820 1546 860 c.
1583 810 1705 862 697.

826 927 1085 985 CICERO
1123 929 1177 985 S.
1216 929 1285 985 D.
1323 927 1582 985 GALLO.

385 1026 598 1105 Quum
644 1029 959 1095 decimum
1003 1030 1134 1095 iam
1182 1030 1352 1095 diem
1398 1029 1683 1116 graviter
1727 1050 1805 1095 ex
1837 1029 2165 1097 intestinis
2205 1045 2231 1091 1

241 1117 613 1183 laborarem
668 1139 877 1204 neque
930 1119 1037 1203 iis,
1096 1119 1209 1204 qui
1253 1140 1398 1183 mea
1452 1139 1651 1203 opera
1700 1119 1800 1184 uti
1842 1119 2168 1204 volebant,

243 1228 356 1271 me
391 1207 733 1292 probarem
767 1229 902 1273 non
938 1209 1171 1293 valere,
1217 1208 1368 1293 quia
1401 1206 1635 1272 febrim
1671 1227 1808 1272 non
1843 1206 2167 1292 haberem,

243 1295 395 1382 fugi
439 1295 510 1360 in
546 1296 1000 1380 Tusculanum,
1044 1318 1245 1381 quum
1283 1296 1540 1381 quidem
1577 1295 1845 1360 biduum
1883 1295 1978 1359 ita
2012 1296 2166 1361 ieiu-

243 1406 377 1449 nus
423 1384 707 1470 fuissem,
749 1389 826 1452 ut
860 1407 943 1451 ne
981 1407 1217 1470 aquam
1254 1386 1512 1470 quidem
1550 1388 1903 1471 gustarem:
1948 1384 2166 1468 itaque

245 1472 586 1539 confectus
638 1475 953 1561 languore
1008 1478 1074 1539 et
1133 1475 1307 1540 fame
1370 1475 1579 1560 magis
1633 1477 1818 1538 tuum
1880 1471 2161 1538 officium

245 1561 637 1647 desideravi,
692 1585 885 1648 quam
945 1585 986 1629 a
1026 1566 1094 1628 te
1138 1563 1379 1648 requiri
1422 1562 1648 1649 putavi
1698 1582 1932 1627 meum.
2020 1560 2166 1648 Ego

247 1653 473 1716 autem
517 1673 715 1736 quum
759 1674 984 1718 omnes
1028 1653 1291 1718 morbos
1327 1652 1695 1735 reformido,
1737 1654 1879 1716 tum
1922 1651 1994 1716 in
2039 1671 2167 1734 quo

245 1738 609 1825 Epicurum
659 1745 847 1808 tuum
902 1739 1102 1807 Stoici
1154 1743 1322 1806 male
1378 1741 1730 1848 accipiunt,
1792 1739 1944 1824 quia
1997 1739 2170 1804 dicat

250 1824 759 1910 στραγγουρικὰ
802 1826 916 1893 καὶ
970 1823 1414 1909 δυσεντερικὰ
1472 1824 1657 1910 πάθη
1711 1827 1837 1895 sibi
1896 1830 2170 1895 molesta

249 1938 393 1982 esse
405 1967 423 2001 ,
478 1939 751 2003 quorum
804 1920 1081 1985 alterum
1133 1919 1435 1984 morbum
1481 1918 1815 1983 edacitatis
1870 1938 2009 1984 esse
2054 1941 2170 2002 pu-

247 2008 420 2091 tant,
468 2008 742 2073 alterum
787 2008 984 2073 etiam
1025 2007 1335 2093 turpioris
1371 2006 1926 2109 intemperantiae.
2000 2005 2169 2072 Sane

249 2092 698 2175 δυσεντερίαν
756 2097 1244 2182 pertimueram3
1309 2097 1420 2161 sed
1481 2095 1621 2161 visa
1684 2099 1784 2160 est
1844 2095 2006 2159 mihi
2066 2096 2171 2159 vel

245 2182 381 2248 loci
425 2185 699 2250 mutatio
745 2185 850 2251 vel
894 2185 1094 2250 animi
1129 2185 1328 2250 etiam
1362 2183 1673 2250 relaxatio
1710 2184 1814 2249 vel
1852 2184 1997 2268 ipsa
2039 2182 2168 2248 for·

247 2274 430 2336 tasse
472 2271 614 2337 iam
650 2274 1043 2340 senescentis
1090 2274 1301 2339 morbi
1335 2273 1629 2339 remissio
1666 2271 2007 2357 profuisse.
2069 2270 2169 2336 Ac
2207 2291 2238 2340 2

246 2363 503 2445 tamen,
555 2382 640 2426 ne
694 2363 951 2448 mirere,
1011 2362 1185 2427 unde
1239 2362 1365 2428 hoc
1410 2361 1714 2427 acciderit
1767 2360 2170 2464 quomodove

247 2450 701 2536 commiserim,
744 2452 848 2516 lex
894 2451 1312 2535 sumptuaria,
1357 2472 1520 2536 quae
1561 2450 1816 2515 videtur
1862 2446 2170 2528 λιτότητα

247 2537 576 2622 attulisse,
630 2560 708 2604 ea
767 2540 931 2604 mihi
981 2539 1197 2605 fraudi
1250 2539 1393 2605 fuit.
1481 2537 1681 2623 Nam,
1735 2538 1888 2603 dum
1942 2538 2172 2602 volunt

245 2626 365 2691 isti
419 2627 581 2691 lauti
632 2631 807 2693 terra
860 2633 1042 2712 nata,
1106 2650 1271 2713 quae
1331 2627 1475 2715 lege
1540 2631 1806 2712 excepta
1859 2628 2037 2709 sunt,
2100 2625 2171 2689 in

245 2716 571 2780 honorem
616 2716 950 2802 adducere,
992 2717 1253 2802 fungos,
1287 2716 1619 2802 heluellas,
1663 2715 1898 2781 herbas
1945 2734 2169 2778 omnes

246 2804 348 2868 ita
406 2804 743 2890 condiunt,
794 2809 871 2872 ut
922 2805 1087 2871 nihil
1140 2805 1350 2890 possit
1403 2826 1541 2871 esse
1597 2805 1882 2869 suavius:
1934 2802 2006 2865 ιιι
2061 2822 2170 2866 eas

247 2914 457 2976 quum
499 2892 867 2959 incidissem
909 2895 982 2959 in
1027 2914 1230 2959 coena
1266 2894 1563 2980 augurali
1598 2893 1769 2977 apud
1805 2890 2170 2974 Lentulum,

246 2984 443 3045 tanta
494 3003 597 3047 me
652 2979 964 3063 διάρροια
1019 2983 1319 3068 arripuit,
1372 2985 1448 3046 ut
1499 2981 1691 3047 hodie
1745 2980 2025 3064 primum
2077 2978 2169 3043 vi-

247 3069 485 3134 deatur
528 3070 815 3173 coepisse
859 3072 1228 3136 consistere.
1299 3034 1405 3137 'Ita
1449 3091 1590 3157 eg0,
1637 3070 1747 3153 qui
1791 3088 1894 3133 me
1941 3067 2169 3133 ostreis

247 3160 322 3222 et
366 3160 691 3225 muraenis
734 3158 924 3224 facile
979 3159 1411 3244 abstinebam,
1465 3181 1506 3223 a
1549 3159 1701 3223 beta
1754 3162 1822 3222 et
1874 3179 1914 3222 a
1957 3157 2170 3221 malva

250 3245 559 3331 deceptus
604 3270 778 3332 sum;
821 3249 1094 3333 posthac
1138 3249 1340 3335 igitur
1385 3248 1622 3313 erimus
1670 3246 2005 3310 cautiores.
2069 3243 2169 3308 Tu

248 3339 495 3421 tamen,
539 3357 738 3422 quum
782 3338 1069 3403 audisses
1117 3336 1201 3402 ab
1245 3335 1478 3400 Anicio
1518 3371 1603 3382 —
1640 3333 1804 3400 vidit
1847 3333 2020 3397 enim
2064 3349 2167 3393 me

250 3430 678 3492 nauseantem
704 3463 813 3513 --,
854 3448 993 3492 non
1038 3424 1230 3491 modo
1277 3423 1585 3488 mittendi
1624 3442 1886 3486 causam
1928 3419 2167 3481 iustam

251 3511 557 3598 habuisti,
601 3516 714 3582 sed
760 3516 957 3581 etiam
991 3512 1268 3580 visendi.
1314 3532 1437 3598 ego
1473 3510 1579 3573 hic
1625 3508 1840 3591 cogito
1888 3520 2164 3567 commo·
