2338 3691
257 111 386 175 348
818 109 894 163 M.
934 107 1182 163 TULLII
1220 105 1605 163 CICERONIS

255 258 586 340 praetores
649 256 716 319 et
777 273 855 318 ea
916 251 1234 338 dignitate
1296 251 1593 318 homines
1657 251 1898 337 aliquid
1961 252 2171 318 edicto

255 345 762 429 postulassemus
808 363 849 406 a
893 342 1184 426 consule3
1237 342 1409 426 quod
1464 342 1520 406 31
1572 341 1933 427 indignaris
1979 363 2172 407 ausos

259 453 397 497 esse
443 431 510 496 id
553 431 794 516 facere,
839 430 1117 496 concede
1161 430 1381 517 nobis,
1424 434 1501 496 ut
1544 429 1875 496 doleamus
1918 451 2004 495 ne
2046 431 2175 496 hoc

187 536 220 586 2
258 520 515 604 quidem
579 520 695 585 abs
757 523 823 583 te
868 519 1074 585 Bruto
1139 522 1207 585 et
1260 481 1483 585 Cassio
1544 519 1762 584 tribui.
1857 512 2030 584 Nam
2094 519 2175 584 de

258 608 610 674 delentibus
654 607 895 674 habitis
941 611 1009 673 et
1050 609 1343 693 pecuniis
1386 609 1746 693 imperatiS,
1791 606 2175 673 exercitibus

259 697 621 764 sollicitatis
684 701 751 762 et
795 697 1060 763 nuntiis
1120 701 1305 762 trans
1368 718 1548 762 mare
1607 697 1820 762 missis
1880 696 2054 782 quod
2105 699 2174 761 te

259 790 557 870 questum
585 807 724 851 esse
750 807 972 872 negaS,
997 808 1119 852 nos
1148 786 1407 870 quidem
1432 787 1553 851 tibi
1581 786 1897 851 credimus
1925 785 2174 870 optimo

259 874 477 941 animo
512 878 580 940 te
613 875 860 961 fecisse,
896 874 1008 940 sed
1042 878 1266 940 tamen
1298 895 1507 959 neque
1545 875 1954 960 agnoscimus
1992 874 2176 958 quid-

261 985 455 1047 quam
501 985 722 1029 eorum
768 967 834 1028 et
876 967 942 1028 te
987 965 1323 1049 miramur,
1377 986 1576 1048 quum
1618 964 1780 1029 haec
1823 963 2177 1048 reticueriS,

257 1073 396 1117 non
439 1053 726 1137 potuisse
780 1053 1110 1118 continere
1154 1053 1553 1118 iracundiam
1594 1055 1804 1136 tuam,
1857 1051 2015 1136 quin
2060 1072 2175 1116 no·
2209 1058 2216 1064 ’

189 1157 221 1204 3
259 1141 359 1206 1113
405 1141 483 1205 (13
528 1144 737 1207 morte
781 1139 1074 1207 Caesaris
1120 1141 1446 1207 obiiceres.
1533 1141 1704 1206 Illud
1757 1161 1909 1206 vero
1957 1161 2176 1224 quem-

259 1229 606 1296 admodum
639 1230 987 1295 ferundum
1023 1230 1126 1316 sit,
1159 1234 1301 1296 tute
1330 1230 1562 1316 cogita,
1595 1251 1734 1296 non
1765 1229 1956 1294 licere
1991 1249 2176 1314 prae-

259 1318 511 1385 toribus
555 1319 936 1385 concordiae
982 1340 1058 1384 ac
1101 1319 1421 1384 libertatis
1476 1339 1671 1384 causa
1724 1340 1841 1403 per
1893 1316 2177 1383 edictum

259 1407 340 1472 de
385 1429 502 1474 suo
556 1407 695 1473 iure
749 1407 1080 1493 decedere,
1138 1408 1297 1491 quin
1351 1408 1578 1473 consul
1630 1430 1811 1472 arma
1866 1407 2176 1472 minetur:

261 1518 534 1580 quorum
586 1497 824 1562 fiducia
875 1497 1067 1561 nihil
1094 1500 1194 1561 est
1238 1496 1411 1581 quod
1465 1516 1587 1562 nos
1640 1499 1913 1580 terreas;
1963 1517 2176 1580 neque

261 1585 435 1649 enim
489 1585 672 1650 decet
724 1588 839 1651 aut
900 1586 1205 1651 convenit
1264 1585 1455 1650 nobis
1515 1585 1802 1669 periculo
1856 1585 1972 1649 ulli
2027 1585 2175 1650 sub-

259 1674 515 1738 mittere
561 1675 849 1739 animum
892 1677 1190 1738 nostrum
1233 1695 1442 1759 neque
1484 1678 1583 1738 est
1617 1674 1907 1739 Antonio
1954 1678 2175 1758 postu-

260 1761 545 1863 landum,
579 1763 708 1827 ut
688 1763 769 1827 113
795 1763 1085 1848 imperet,
1121 1784 1396 1847 quorum
1425 1784 1622 1847 opera
1647 1763 1811 1827 liber
1847 1765 1961 1829 est.
2034 1761 2175 1828 Nos

262 1851 317 1915 si
363 1851 521 1915 alia
534 1852 968 1937 hortarentur,
1013 1856 1088 1916 ut
1129 1852 1372 1917 bellum
1409 1852 1593 1917 civile
1631 1854 1939 1917 suscitare
1984 1852 2176 1917 velle-

261 1960 423 2022 mus,
465 1939 721 2005 litterae
763 1944 915 2005 tuae
959 1941 1125 2005 nihil
1159 1941 1572 2025 proficerent3
1616 1942 1799 2006 nulla
1842 1942 2015 2006 enim
2059 1942 2175 2005 mi-

260 2028 481 2093 nantis
526 2029 877 2094 auctoritas
922 2029 1095 2113 apud
1137 2030 1377 2095 liberos
1422 2033 1546 2113 est3
1601 2030 1714 2095 sed
1766 2030 2034 2114 pulchre
2078 2030 2176 2094 in-

259 2116 500 2201 telligis
544 2138 681 2182 non
724 2138 916 2202 posse
959 2139 1083 2183 nos
1128 2140 1454 2202 quoquam
1488 2118 1753 2202 impelli,
1797 2122 1863 2183 et
1895 2119 2176 2184 fortasse

261 2225 340 2269 ea
382 2226 453 2269 re
497 2206 835 2271 minaciter
896 2207 1065 2292 agis,
1119 2209 1200 2271 ut
1258 2206 1565 2272 iudicium
1615 2211 1912 2272 nostrum
1964 2211 2176 2272 metus

190 2307 227 2357 4
259 2293 571 2360 videatur.
659 2293 800 2361 Nos
852 2296 923 2360 in
976 2295 1101 2360 hac
1154 2295 1477 2360 sententia
1522 2317 1768 2381 sumne,
1821 2300 1897 2361 ut
1947 2298 2016 2360 te
2071 2318 2176 2361 cu·

261 2382 516 2467 piamus
558 2384 631 2449 in
672 2384 878 2449 libera
928 2405 1001 2449 re
1050 2384 1313 2469 publica
1364 2405 1677 2471 magnum
1730 2388 1923 2469 atque
1976 2385 2175 2450 hone·

265 2473 439 2536 stum
492 2493 658 2558 esse,
718 2493 1019 2539 vocemus
1071 2476 1138 2537 te
1195 2473 1277 2537 ad
1334 2475 1548 2538 nullas
1601 2473 1999 2559 inimicitias,
2065 2473 2177 2539 sed

262 2562 484 2626 tamen
526 2562 730 2645 pluris
773 2565 1065 2628 nostram
1100 2561 1467 2627 libertatem
1504 2584 1698 2648 quam
1733 2566 1914 2628 tuam
1960 2563 2176 2628 amici-

261 2649 423 2714 tiam
467 2650 896 2715 aestimemus.
969 2649 1069 2714 Tu
1116 2650 1311 2714 etiam
1348 2653 1541 2735 atque
1578 2652 1776 2715 etiam
1813 2651 1977 2736 vide,
2023 2651 2176 2736 quid

264 2738 603 2840 suscipias,
665 2738 819 2822 quid
884 2738 1201 2804 sustinere
1262 2739 1503 2823 poesie,
1570 2760 1807 2825 neque,
1869 2741 2176 2825 quamdiu

262 2826 496 2891 vixerit
531 2824 786 2911 Caesar,
830 2826 960 2911 sed,
1004 2848 1200 2912 quam
1245 2845 1381 2892 non
1426 2827 1536 2892 d-iu
1571 2829 1879 2914 regnarit,
1922 2829 2029 2893 fac
2075 2851 2176 2895 co-

264 2914 448 2999 gites.
545 2915 722 2981 Deos
775 2933 1193 3000 quaesumus,
1245 2916 1515 2982 consilia
1565 2920 1683 2981 tua
1733 2918 1828 2982 rei
1880 2919 2177 3002 publicae

265 3003 575 3069 salutaria
619 3004 752 3070 sint
796 3026 871 3069 ac
916 3004 1063 3069 tibi:
1110 3005 1166 3069 31
1210 3005 1443 3088 minus,
1487 3008 1564 3071 ut
1607 3006 1786 3071 salva
1821 3009 2022 3091 atque
2063 3006 2177 3073 ho·

264 3094 452 3155 nesta
494 3114 564 3157 re
599 3094 860 3177 publica
893 3093 1017 3157 tibi
1052 3115 1248 3178 quam
1282 3093 1619 3160 minimum
1653 3099 1952 3181 noceant,
1997 3100 2177 3182 opta·

264 3197 428 3241 mus.
513 3179 726 3245 Pridie
770 3181 998 3248 Nonas
1044 3179 1215 3248 Sext.

408 3383 510 3451 Ep
538 3390 590 3451 3,
619 3392 669 3439 3.
741 3404 908 3456 opem
940 3392 1057 3460 ipse
1092 3392 1228 3447 liber
1266 3392 1443 3461 (W.)?
1481 3423 1547 3432 —
1583 3392 1815 3460 sortasse
1842 3394 1995 3464 (Wm)
2063 3394 2176 3462 1⁶⁰⁷*

266 3454 431 3506 tascie
466 3454 525 3506 B
532 3456 769 3524 ,vulgo
