2338 3691
180 133 311 198 468
745 132 818 185 Μ.
859 130 1107 186 TULLII
1142 128 1527 185 CICERONIS

180 275 499 360 Nysaeos,
564 296 724 360 quos
779 272 954 339 Nero
1017 273 1090 337 in
1149 273 1377 357 primis
1438 273 1639 337 habet
1699 269 2098 339 necessarios

182 363 795 449 diligentissimeque
857 365 1075 426 tuetur
1148 383 1224 426 ac
1286 361 1597 444 defendit,
1635 360 1911 427 ,habeas
1972 359 2098 422 tibi

184 450 845 518 commendatissimos
855 500 874 535 ,
924 452 1002 514 ut
1043 449 1368 535 intelligat
1418 449 1533 512 illa
1575 448 1803 513 civitas
1857 447 1983 512 sibi
2026 446 2097 512 in

182 539 462 605 Neronis
506 538 864 622 patrocinio
903 560 1226 604 summum
1262 559 1401 603 esse
1436 537 1847 621 praesidium.
1920 533 2095 600 Stra-

182 629 418 693 bonem
465 625 805 692 Servilium
858 626 982 691 tibi
1027 647 1218 710 saepe
1264 626 1735 709 commendavi3
1790 645 1964 688 nunc
2018 644 2096 688 eo

183 716 349 781 facio
393 716 460 780 id
494 715 866 800 impensius,
912 715 1082 800 quod
1117 715 1255 780 eius
1291 736 1552 779 causam
1586 712 1762 779 Nero
1799 711 2097 795 suscepit.

127 858 131 861 .
184 804 466 869 Tantum
513 826 553 868 a
594 807 660 868 te
703 803 1003 887 petimus,
1046 805 1122 867 ut
1166 809 1235 867 tu
1278 823 1437 888 agas
1484 824 1628 866 eam
1672 824 1828 886 rem,
1871 822 1955 866 ne
1999 821 2096 864 re-

183 892 438 976 linquas
481 892 811 957 hominem
855 892 1266 956 innocentem
1310 890 1394 956 ad
1438 891 1706 956 alicuius
1759 890 1860 955 tui
1913 888 2097 954 dissi-

184 980 356 1044 milis
403 985 786 1066 quaestumz·
833 980 900 1045 id
963 1001 1161 1064 quum
1216 983 1473 1064 gratum
1533 979 1695 1044 mihi
1748 979 1897 1062 crit,
1953 980 2097 1042 tum

184 1068 379 1133 etiam
442 1069 823 1134 existimabo
896 1072 963 1132 te
1026 1068 1428 1133 humanitate
1499 1071 1615 1132 tua
1686 1087 1827 1132 esse
1889 1087 2098 1132 usum.

116 1167 149 1216 2
187 1154 451 1221 Summa
492 1157 683 1221 huius
729 1157 1037 1242 epistolae
1081 1156 1241 1221 haec
1285 1160 1401 1240 est,
1444 1159 1520 1220 ut
1564 1177 1753 1220 ornes
1799 1154 2101 1220 omnibus

183 1245 375 1309 rebus
418 1244 761 1329 Neronem,
807 1245 997 1309 sicuti
1038 1243 1379 1309 instituisti
1423 1247 1617 1329 atque
1660 1243 1889 1309 fecisti.
1958 1241 2099 1308 Ma-

185 1353 385 1417 gnum
427 1333 754 1398 theatrum
796 1333 995 1397 habet
1036 1333 1164 1397 ista
1216 1332 1571 1417 provincia,
1623 1354 1760 1398 non
1812 1335 1889 1397 ut
1939 1332 2100 1396 haec

182 1425 423 1505 nostra,
463 1423 551 1487 ad
583 1422 1005 1487 adolescentis
1039 1421 1298 1505 nobilis,
1332 1421 1673 1507 ingeniosi,
1709 1420 2098 1486 abstinentis

158 1510 802 1575 -commendationem
858 1513 1051 1595 atque
1105 1509 1408 1594 gloriam;
1468 1531 1693 1594 quare,
1749 1508 1806 1575 si
1847 1512 1916 1573 te
1960 1509 2098 1572 fau-

182 1600 321 1662 tore
365 1620 520 1663 usus
566 1598 706 1681 erit,
751 1598 942 1663 sicuti
983 1598 1273 1683 profecto
1311 1601 1378 1662 et
1410 1601 1629 1662 utetur
1673 1600 1740 1662 et
1780 1619 1936 1663 usus
1982 1600 2099 1678 est,

184 1686 612 1769 amplissimas
658 1686 986 1751 clientelas
1032 1690 1327 1770 acceptas
1381 1709 1422 1751 a
1464 1686 1817 1751 maioribus
1871 1684 2097 1750 confir-

182 1794 358 1836 mare
409 1774 651 1859 poterit
711 1777 778 1838 et
837 1774 1162 1839 beneficiis
1230 1774 1362 1839 suis
1427 1775 1731 1861 obligare.
1829 1772 1975 1838 Hoc
2025 1773 2098 1836 in

184 1880 415 1945 genere
472 1863 527 1926 si
583 1883 729 1926 eum
775 1863 1091 1928 adiuveris
1138 1884 1214 1929 eo
1262 1863 1500 1947 studi0,
1556 1885 1685 1949 quo
1741 1862 2098 1945 ostendisti,

184 1949 354 2033 apud
396 1950 611 2033 ipsum
645 1952 1151 2034 praeclarissime
1189 1952 1499 2037 posueris,
1546 1952 1660 2016 sed
1696 1951 1857 2017 mihi
1904 1950 2100 2015 etiam

185 2037 624 2121 gratissimum
668 2039 911 2103 feceris.

1042 2232 1240 2299 LXV.

477 2343 592 2399 Sor.
639 2343 702 2398 in
747 2342 946 2399 Cilicia
991 2346 1230 2402 exeunte
1278 2361 1426 2400 anno
1476 2362 1529 2399 u.
1581 2361 1630 2400 c.
1678 2349 1800 2401 703.

561 2466 637 2519 Μ.
666 2466 925 2522 CICERO
956 2466 1008 2523 S.
1037 2467 1104 2522 D.
1142 2467 1204 2522 P.
1236 2467 1426 2523 SILIO
1454 2467 1715 2523 PROPR.

115 2576 144 2627 1
316 2561 482 2630 Cum
525 2564 596 2631 P.
650 2565 952 2632 Terentio
997 2566 1321 2653 Hispone,
1377 2567 1487 2652 qui
1541 2589 1768 2653 operas
1821 2567 1893 2631 in
1947 2568 2102 2631 scri·

182 2656 375 2737 ptura
426 2675 545 2737 pro
598 2655 910 2740 magistro
967 2656 1104 2738 dat,
1168 2656 1331 2721 mihi
1387 2678 1639 2720 summa
1694 2656 2102 2721 familiaritas

99 2793 105 2800 .
185 2741 703 2827 consuetudoque
757 2747 882 2827 est,
948 2745 1279 2829 multaque
1336 2747 1402 2808 et
1453 2765 1696 2830 magna
1756 2745 1928 2809 inter
1979 2765 2102 2809 nos

185 2830 396 2895 officia
456 2831 641 2914 paria
711 2835 777 2896 et
836 2835 1062 2897 mutua
1130 2832 1565 2898 intercedunt:
1638 2833 1775 2898 eius
1850 2853 2104 2897 summa

185 2918 573 2984 existimatio
621 2920 837 3004 agitur
878 2921 951 2984 in
995 2942 1089 3003 eo,
1136 2924 1210 2985 ut
1253 2921 1586 3005 pactiones
1633 2943 1781 2985 cum
1826 2921 2101 2986 civitati-

184 3005 304 3071 bus
349 3007 613 3091 reliquis
669 3008 981 3073 conficiat.
1071 3007 1226 3074 Non
1278 3031 1382 3074 me
1425 3010 1737 3094 praeterit
1792 3030 1913 3075 nos
1960 3031 2103 3074 eam

327 3177 431 3246 Ep.
471 3185 555 3246 64,
588 3187 634 3234 1.
689 3198 819 3247 rem,
855 3199 923 3236 ne
959 3182 1095 3252 (M).
1167 3199 1281 3238 rem
1313 3199 1422 3238 neu
1458 3184 1660 3252 Klotz„
1688 3184 1751 3237 B.
1826 3190 1875 3238 2.
1923 3199 2102 3252 prov„

186 3259 299 3297 non
334 3252 397 3298 ut
430 3248 481 3299 h.
518 3256 738 3317 nostra,
776 3252 850 3306 ad
885 3252 1035 3321 (W).
1117 3254 1194 3307 ad
1230 3270 1337 3308 om.
1375 3255 1449 3308 M.
1515 3270 1705 3322 prov„
1739 3270 1855 3308 ‘non
1888 3256 2015 3309 item
2049 3255 2100 3308 h.

186 3328 261 3377 ”u
298 3316 372 3367 ad
410 3316 579 3398 (VV.)?
650 3321 739 3374 An
765 3338 944 3389 prov„
979 3340 1110 3390 non,
1147 3329 1211 3378 ut
1244 3325 1295 3378 h.
1323 3342 1399 3391 w,
1426 3329 1457 3362 ’¹‘
1487 3327 1579 3392 ad,
1615 3327 1680 3379 ut
1707 3325 1981 3380 exciderit
2005 3342 2100 3380 aw

186 3386 403 3501 gustum
439 3388 689 3443 simlleve
727 3391 942 3461 aliquid
971 3394 1139 3463 (W.)‘2>
1253 3412 1299 3448 r.
1339 3395 1475 3465 [mm
1505 3438 1516 3449 .
1540 3437 1551 3449 .
1580 3395 1795 3466 nostra]
1834 3397 1921 3451 ad.
1951 3396 2099 3464 Em„

240 3490 251 3501 .
291 3480 356 3489 —
386 3459 656 3523 posueris,
692 3466 783 3514 sed
821 3462 961 3531 (M).
1027 3481 1090 3531 p.
1119 3470 1173 3519 et
1209 3412 1319 3533 gr„
1358 3466 1419 3520 B.
