2338 3691
215 173 349 237 564
781 170 859 225 Μ.
900 170 1150 225 TULLII
1185 168 1565 225 CICERONIS

214 317 377 382 haec
421 316 760 401 disciplina
804 317 1023 399 potest
1067 314 1381 379 sustinere
1424 314 1496 377 in
1540 313 1736 380 rebus
1777 314 2146 380 statuendis

217 409 286 470 et
330 404 744 470 decernendis
780 425 925 468 eam
960 403 1385 486 severitatem,
1429 423 1557 486 qua
1592 405 1667 468 tu
1702 404 1775 468 in
1818 403 1899 468 iis
1943 404 2144 468 rebus

216 515 372 558 usus
409 514 497 577 es,
542 514 619 556 ex
656 491 889 577 quibus
925 491 1276 557 nonnullas
1313 491 1674 556 simultates
1711 512 1860 556 cum
1894 514 1962 556 m
2052 514 2144 557 na

217 602 362 647 mea
403 580 653 645 laetitia
698 584 1028 664 susceptas
1073 579 1413 644 habemus:
1467 580 1597 644 nisi
1642 579 1811 644 forte
1867 601 1968 644 me
2073 603 2141 645 a·

218 669 390 734 conii
438 668 660 735 nescio
716 669 924 752 cuius,
985 668 1269 733 hominis
1322 689 1405 732 ne
1458 665 1687 732 Graeci
1746 668 2005 753 quidem
2063 690 2141 734 ac

216 756 388 841 Mysi
433 762 548 821 aut
580 756 857 843 Phrygis
891 757 1128 841 potius,
1174 756 1447 841 querelis
1489 757 1738 822 moveri
1781 760 1974 841 putas
2022 762 2142 822 aut

220 845 538 929 Tuscenii,
583 845 866 911 hominis
909 845 1139 910 furiosi
1185 866 1261 909 ac
1307 844 1574 929 sordidi,
1620 845 1904 930 vocibuS‚
1950 845 2137 911 cuius

217 937 292 998 tu
337 956 415 998 ex
460 934 907 1019 impurissimis
960 933 1256 998 faucibus
1310 933 1904 999 inhonestissimam
1958 934 2138 1019 cupi-

150 1021 181 1070 ⁷
219 1022 489 1087 deitatem
544 1023 835 1107 eripuisti
890 1044 1141 1088 summa
1195 1044 1342 1087 cum
1391 1023 1738 1124 aequitate.
1828 1020 2008 1088 Haec
2072 1027 2140 1088 et

137 1088 431 1176 ”cetera
475 1112 668 1196 plena
714 1112 1099 1196 severitatis,
1145 1132 1308 1195 quae
1358 1111 1643 1176 statuisti
1684 1111 1758 1176 in
1801 1111 1928 1175 ista
1985 1134 2139 1195 pro·

216 1200 454 1284 vincia,
498 1222 635 1265 non
677 1200 865 1265 facile
911 1201 1050 1265 sine
1097 1221 1349 1265 summa
1390 1200 1768 1285 integritate
1813 1199 2137 1265 sustinue-

215 1310 445 1442 ramum
482 1310 696 1442 guare
743 1290 828 1354 sit
870 1310 1160 1441 summai-,u
1180 1288 1252 1352 in
1296 1289 1433 1441 iurg
1479 1289 1758 1460 dicteniido
1806 1289 2139 1442 severittaflir

304 1399 477 1443 mmo
525 1400 564 1443 o
629 1399 706 1443 ea
765 1398 849 1442 ne
912 1398 1086 1443 vane
1161 1399 1196 1440 r
1259 1398 1377 1463 gra
1431 1397 1471 1442 a
1550 1398 1582 1441 s
1718 1398 2022 1443 conserve

217 1466 596 1549 aequabilis3
653 1466 765 1531 sed
816 1468 1037 1530 tamen
1080 1466 1265 1549 parvi
1316 1466 1516 1530 refert
1559 1466 1677 1530 abs
1730 1469 1797 1531 te
1841 1465 1983 1550 ipso
2029 1466 2136 1531 ius

217 1554 344 1618 dici
388 1554 811 1639 aequabiliter
854 1557 923 1618 et
965 1555 1326 1640 diligenter,
1370 1554 1499 1618 nisi
1539 1553 1711 1618 idem
1748 1554 1831 1619 ab
1876 1553 1957 1619 iis
1999 1552 2137 1640 fiet,

218 1643 450 1726 quibus
493 1646 569 1707 tu
614 1643 751 1708 eius
788 1643 1073 1708 muneris
1110 1643 1393 1727 aliquam
1429 1646 1682 1727 partem
1721 1643 2134 1709 concesseris.

215 1729 316 1795 Ac
359 1732 521 1796 mihi
565 1732 823 1816 quidem
867 1731 1122 1796 videtur
1164 1752 1302 1795 non
1356 1752 1511 1796 sane
1564 1752 1806 1817 magna
1849 1731 2132 1796 varietas

217 1840 356 1884 esse
417 1820 830 1904 negotiorum
900 1820 972 1884 in
1044 1819 1555 1885 administranda
1616 1819 1804 1905 Asia,
1877 1819 1990 1885 sed
2055 1841 2134 1885 ea

215 1910 357 1972 tota
390 1908 831 1975 iurisdictione
868 1908 1142 1974 maxime
1172 1909 1501 1993 sustineri3
1543 1908 1616 1973 in
1643 1930 1773 1993 qua
1808 1908 2132 1992 scientiae,

214 1996 596 2079 praesertim
633 1996 1066 2081 provincialis,
1100 1998 1268 2063 ratio
1306 1998 1449 2082 ipsa
1485 1998 1782 2082 expedita
1808 2000 1932 2062 est.
1977 2018 2131 2063 con-

218 2084 460 2148 stantia
504 2088 605 2149 est
648 2084 1013 2150 adhibenda
1049 2088 1117 2150 et
1151 2085 1453 2171 gravitas,
1476 2107 1664 2188 ‘quae
1698 2085 1960 2151 resistat
1993 2107 2131 2150 non

135 2203 190 2244 21
219 2173 428 2238 solum
465 2174 731 2258 gratiae,
764 2195 987 2239 verum
1021 2174 1220 2239 etiam
1255 2174 1624 2259 suspicioni.
1693 2174 2130 2261 Adiungenda

217 2260 412 2326 etiam
476 2266 576 2327 est
633 2262 912 2327 facilitas
974 2263 1045 2327 in
1100 2263 1446 2348 audiendo,
1507 2263 1743 2328 lenitas
1787 2263 1860 2328 in
1916 2263 2130 2328 decer·

214 2350 457 2434 nendo,
526 2350 599 2414 in
661 2351 1115 2416 satisfaciendo
1181 2372 1258 2416 ac
1320 2351 1417 2416 dis
1419 2352 1711 2436 putando
1774 2351 2128 2438 diligentia.

214 2436 306 2502 Iis
368 2438 560 2503 rebus
622 2460 830 2523 nuper
902 2437 970 2505 C.
1034 2438 1338 2505 Octavius
1409 2374 1908 2506 ipucundissimus
1977 2440 2130 2525 fuit,

215 2525 388 2609 apud
433 2547 624 2610 quem
668 2528 995 2611 proximus
1031 2527 1223 2593 lictor
1258 2528 1517 2613 quievit,
1560 2529 1768 2595 tacuit
1802 2550 2130 2613 accensus,

215 2617 466 2698 quoties
530 2615 797 2700 quisque
860 2617 1067 2683 voluit
1130 2617 1291 2681 dixit
1352 2621 1421 2682 et
1482 2639 1677 2702 quam
1727 2617 1935 2684 voluit
1990 2617 2130 2700 (11ιι;

216 2702 448 2787 quibus
491 2703 602 2768 ille
644 2705 838 2770 rebus
873 2705 1148 2770 fortasse
1186 2706 1378 2771 nimis
1422 2705 1588 2771 lenis
1624 2706 1963 2791 videretur,
2000 2706 2130 2771 nisi

212 2790 374 2856 haec
417 2793 652 2858 lenitas
696 2793 875 2858 illam
920 2794 1328 2859 severitatem
1367 2798 1681 2861 tueretur:
1728 2795 2131 2881 cogebantur

215 2876 465 2945 Sullani
508 2880 831 2966 homines,
887 2903 1050 2966 quae
1094 2904 1212 2967 per
1264 2883 1395 2949 vim
1449 2886 1517 2948 et
1558 2887 1804 2948 metum
1848 2883 2129 2948 abstule-

210 2972 381 3053 rant,
421 2969 714 3054 reddere3
760 2970 871 3055 qui
913 2971 984 3035 in
1028 2971 1516 3056 magistratibus
1560 2971 1869 3037 iniuriose
1915 2972 2128 3037 decre·

213 3060 467 3141 verant,
529 3058 755 3124 eodem
814 3059 974 3143 ipsis
1036 3059 1305 3145 privatis
1368 3063 1509 3125 erat
1560 3060 1699 3127 iure
1751 3060 2130 3163 parendum.

213 3141 394 3208 Haec
445 3108 620 3211 illius
674 3148 978 3212 severitas
1035 3148 1267 3215 acerba
1309 3148 1659 3233 videretur,
1720 3149 1847 3214 nisi
1904 3150 2130 3214 multis

354 3364 662 3436 Ep.1,.20
705 3373 1126 3429 sustinuerimus
1162 3373 1315 3445 (On).
1385 3375 1770 3430 sustineremus
1804 3374 1898 3443 Μ.

214 3462 285 3473 -—
319 3437 553 3493 maxime
604 3443 875 3498 contineri
927 3443 1092 3514 (Hag.
1094 3445 1153 3514 )‘?
1253 3451 1340 3499 21.
1398 3446 1694 3514 proximi&
1748 3446 1908 3501 lictor
1969 3444 2128 3516 (On).

221 3503 425 3558 ”rimus
460 3506 494 3560 Ζ.
531 3508 605 3562 Μ.
611 3512 846 3582 ,.vulgo
