2338 3691
743 134 1259 190 EPISTOLARUM
1295 135 1389 191 VI.
1431 142 1655 192 19—21.
2036 134 2161 198 189

994 385 998 389 “
1119 383 1297 450 XXI.

569 496 686 553 Sor.
725 497 966 552 Asturae
1002 513 1193 553 mense
1229 497 1412 568 Aprili
1449 513 1498 551 a.
1538 516 1589 551 u.
1629 515 1677 552 c.
1716 503 1834 554 709.

886 620 1145 676 CICERO
1181 620 1526 677 TORANIO.

365 719 559 805 Etsi,
614 742 812 805 quum
866 720 1027 785 haec
1081 720 1164 785 ad
1208 724 1274 785 te
1329 720 1713 805 scribebam,
1767 725 1882 787 aut
1935 743 2165 807 appro·
2203 736 2231 783 1

240 811 567 895 pinquare
614 809 819 873 exitus
865 809 1057 875 huius
1104 808 1643 875 calamitosissimi
1678 810 1832 874 belli
1877 814 1992 875 aut
2034 812 2165 876 iam

243 897 498 982 aliquid
545 899 760 965 actum
806 901 871 961 et
916 896 1282 964 confectum
1324 896 1689 982 videbatur,
1732 903 1966 975 ,tamen
2010 920 2164 983 quo-

242 986 408 1050 tidie
476 986 1055 1052 commemorabam
1116 989 1182 1050 te
1246 1007 1448 1051 unum
1510 986 1581 1050 in
1641 990 1828 1053 tanto
1885 988 2164 1052 exercitu

244 1074 415 1139 mihi
459 1074 658 1138 fuisse
704 1096 1106 1139 assensorem
1150 1077 1217 1138 et
1269 1096 1371 1138 me
1416 1074 1538 1139 tibi
1583 1076 1881 1160 solosque
1917 1097 2038 1141 nos
2074 1078 2163 1141 vi-

246 1163 452 1247 disse,
496 1166 810 1246 quantum
855 1166 1025 1227 esset
1066 1163 1138 1227 in
1184 1183 1260 1227 eo
1304 1162 1475 1228 bello
1523 1163 1704 1247 mali,
1762 1165 1833 1227 in
1879 1186 2005 1248 quo
2053 1187 2164 1249 spe

246 1251 434 1336 pacis
480 1251 734 1315 exclusa
778 1251 921 1335 ipsa
964 1251 1234 1316 victoria
1276 1251 1498 1316 futura
1533 1255 1701 1316 esset
1738 1252 2165 1335 acerbissima,

247 1361 421 1424 quae
478 1343 590 1403 aut
642 1340 975 1404 interitum
1030 1339 1308 1404 allatura
1351 1343 1544 1423 esset,
1604 1340 1660 1404 si
1714 1340 1921 1404 victus
1977 1362 2166 1424 esseS,

248 1431 390 1511 aut,
436 1428 490 1491 si
534 1428 815 1512 vicisses,
861 1429 1253 1493 servitutem.
1331 1427 1559 1511 Itaque
1606 1449 1746 1514 ego,
1793 1450 1984 1512 quem
2026 1431 2167 1493 tum

246 1517 461 1581 fortes
496 1517 590 1580 illi
626 1517 747 1580 viri
784 1521 850 1580 et
886 1517 1228 1601 sapientes,
1270 1515 1542 1580 Domitii
1577 1521 1644 1581 et
1678 1515 1956 1602 Lentuli,
1998 1517 2167 1581 timi-

250 1605 412 1669 dum
468 1626 603 1670 esse
659 1605 958 1670 dicebant
992 1640 1076 1651 --
1115 1626 1292 1668 eram
1343 1604 1563 1688 plane3
1616 1605 1923 1670 timebam
1977 1606 2167 1689 enim,

250 1715 339 1758 ne
405 1694 734 1758 evenirent
797 1715 900 1777 ea,
963 1714 1124 1778 quae
1182 1695 1553 1757 acciderunt
1595 1729 1708 1778 —,
1762 1694 1933 1759 idem
1993 1715 2167 1759 nunc

252 1781 426 1848 nihil
487 1782 682 1847 timeo
750 1784 815 1847 et
877 1782 957 1845 ad
1017 1803 1274 1847 omnem
1329 1785 1630 1848 eventum
1682 1785 1945 1868 paratus
2001 1805 2167 1849 sum:

253 1893 463 1956 quum
500 1871 740 1956 aliquid
775 1871 1112 1936 videbatur
1147 1871 1360 1936 caveri
1394 1893 1603 1955 posse,
1645 1875 1787 1936 tum
1822 1872 1889 1938 id
1925 1873 2170 1958 negligi

252 1959 586 2043 dolebam3
637 1981 812 2024 nunc
865 1981 1017 2025 vero
1071 1960 1309 2024 eversis
1355 1960 1654 2025 omnibus
1698 1960 1916 2044 rebus,
1971 1982 2170 2046 quum

255 2048 532 2113 consilio
577 2048 803 2133 profici
836 2048 1002 2112 nihil
1035 2049 1262 2132 possit,
1305 2069 1437 2112 una
1471 2049 1637 2114 ratio
1675 2048 1944 2133 videtur,
1990 2049 2170 2134 quid·

255 2136 417 2222 quid
483 2137 792 2221 evenerit,
859 2136 1028 2202 ferre
1098 2136 1455 2220 moderate,
1524 2137 1903 2221 praesertim
1973 2159 2170 2220 quum

257 2226 554 2291 omnium
613 2246 827 2290 rerum
889 2247 1063 2289 mors
1127 2225 1213 2288 sit
1284 2228 1637 2289 extremum
1700 2228 1766 2289 et
1826 2225 1986 2289 nn‘lu·
2051 2226 2172 2289 sim

257 2314 561 2380 conscius
613 2335 743 2398 me,
797 2313 1008 2397 quoad
1060 2313 1340 2396 licuerit,
1394 2312 1697 2399 dignitati
1740 2313 1835 2377 rei
1876 2313 2171 2399 publicae

256 2402 663 2467 consuluisse
708 2405 792 2466 et
815 2402 940 2466 hac
977 2401 1216 2466 amissa
1255 2402 1531 2466 salutem
1562 2402 1841 2466 retinere
1876 2402 2171 2467 voluisse.

255 2490 446 2556 Haec
491 2490 745 2574 scripsi,
796 2510 932 2554 non
984 2493 1059 2555 ut
1104 2489 1184 2554 de
1229 2510 1331 2554 me
1382 2490 1521 2574 ipse
1577 2489 1878 2573 dicerem,
1933 2489 2045 2554 sed
2098 2494 2173 2553 ut
2210 2508 2240 2556 2

254 2583 355 2662 tu,
400 2579 512 2662 qui
558 2578 1082 2643 coniunctissima
1124 2577 1309 2642 fuisti
1352 2599 1603 2642 mecum
1639 2582 1706 2642 et
1742 2578 2065 2662 sententia
2108 2581 2175 2641 et

255 2668 618 2751 voluntate,
662 2667 884 2731 eadem
930 2666 1274 2751 cogitares3
1319 2660 1559 2751 magn’a
1603 2667 1775 2731 enim
1817 2666 2172 2731 consolatio

257 2759 381 2839 est,
428 2777 629 2840 quum
671 2754 1034 2838 recordare,
1079 2754 1332 2819 etiamsi
1379 2775 1561 2820 secus
1607 2754 1925 2837 acciderit,
1968 2757 2034 2816 te
2078 2756 2174 2818 ta·

257 2865 414 2908 men
467 2846 641 2907 recte
695 2863 967 2927 vereque
1021 2843 1315 2907 sensisse.
1411 2841 1628 2927 Atque
1682 2843 1931 2907 utinam
1983 2841 2175 2906 liceat

258 2931 615 3016 aliquando
670 2931 884 3015 aliquo
936 2931 1032 2995 rei
1085 2931 1379 3014 publicae
1435 2934 1609 2995 statu
1666 2951 1789 2996 nos
1833 2929 1962 2994 frui
2005 2930 2176 2994 inter

255 3042 513 3105 nosque
558 3020 849 3084 conferre
896 3019 1357 3085 sollicitudines
1392 3022 1668 3102 nostras,
1713 3039 1872 3102 quas
1912 3018 2174 3103 pertuli·

258 3131 409 3175 mus
454 3112 623 3193 tum,
667 3129 866 3191 quum
907 3106 1117 3171 timidi
1161 3107 1566 3192 putabamur,
1611 3106 1763 3190 quia
1807 3106 2174 3171 dicebamus

259 3219 343 3262 ea
393 3197 644 3280 futura,
707 3217 870 3280 quae
921 3196 1099 3290 facta
1150 3199 1321 3261 sunt.
1421 3194 1521 3259 De
1572 3195 1703 3259 tuis
1765 3195 1956 3259 rebus
2010 3193 2174 3259 nihil
2211 3211 2243 3258 3

409 3406 514 3477 Ep.
552 3411 646 3474 21,
679 3412 725 3459 1.
799 3421 880 3459 me
915 3410 965 3459 et
1000 3404 1184 3473 quoad
1229 3402 1370 3472 (L.)‘?
1409 3431 1475 3441 -
1511 3402 1740 3455 retinere
1773 3401 2002 3455 voluisse
2038 3396 2172 3463 (M.).

261 3481 363 3532 ret.
402 3478 641 3532 noluisse
674 3492 871 3547 margo
908 3475 1076 3540 Crat„
1112 3474 1175 3527 B.
1248 3480 1297 3526 2.
1353 3472 1626 3526 recordere
1663 3470 1803 3537 (L.)?

2206 3585 2250 3605 Α
