2338 3691
619 147 1138 205 EPISTOLARUM
1175 149 1322 204 XIII.
1362 156 1429 206 28
1459 166 1508 205 a.
1539 151 1592 207 b.
1632 159 1717 207 29.
1992 149 2127 216 445

983 400 1275 468 XXVIII
1293 404 1353 467 b.

807 514 922 570 Sor.
953 514 1164 570 Romae
1194 532 1242 571 a.
1263 534 1317 569 11.
1339 532 1383 570 0.
1408 520 1527 570 708.

748 603 1045 693 ammio
1082 637 1391 693 SERVIO
1428 638 1593 694 SAL.

347 734 486 802 Nec
532 736 1075 804 Lacedaemonios
1122 737 1416 804 dubitare
1464 739 1756 824 arbitror,
1802 738 1959 822 quin
2003 737 2127 822 ipsi
2169 750 2194 798 1

216 847 336 890 sua
381 827 824 912 maiorumque
871 849 1134 893 suorum
1181 829 1563 893 auctoritate
1610 828 1767 892 satis
1809 847 2128 893 commen-

214 914 353 978 dati
408 916 550 980 ’sint
609 916 760 980 fidei
825 919 890 980 et
950 915 1235 980 iustitiae
1298 920 1477 1000 tuae,
1549 920 1616 981 et
1677 937 1827 1001 eg0‚
1890 916 2003 1000 qui
2062 918 2129 979 te

217 1003 458 1087 optime
504 1005 846 1089 novissem,
891 1026 1026 1069 non
1072 1004 1381 1089 dubitavi,
1425 1005 1582 1090 quin
1626 1005 1748 1069 tibi
1791 1003 2132 1069 notissima

214 1095 284 1155 et
328 1091 470 1156 iura
525 1096 590 1157 et
633 1094 864 1158 merita
906 1094 1294 1178 populorum
1349 1097 1588 1158 essent:
1643 1094 1888 1177 itaque,
1932 1114 2132 1176 quum

216 1202 258 1244 a
302 1201 406 1244 me
450 1185 698 1266 peteret
732 1181 1070 1266 Philippus
1106 1181 1672 1266 LacedaemoniuS,
1715 1185 1792 1246 ut
1824 1180 1945 1245 tibi
1982 1180 2130 1244 civi·

218 1270 420 1340 tatem
466 1270 997 1354 commendarem,
1042 1271 1163 1334 etsi
1199 1271 1615 1335 memineram
1650 1291 1753 1335 me
1791 1270 1850 1333 ei
1886 1267 2132 1334 civitati

99 1441 102 1444 ἦ
222 1358 439 1421 onmia
484 1358 741 1442 debere,
793 1363 1013 1422 tamen
1058 1359 1364 1442 respondi
1409 1358 1965 1425 commendatione
2010 1356 2130 1421 La-

218 1446 667 1513 cedaemonios
714 1447 885 1531 apud
939 1451 1004 1511 te
1046 1468 1183 1513 non
1238 1469 1443 1533 egere.
1531 1446 1758 1531 Itaque
1805 1447 1896 1510 sic
1940 1445 2133 1509 velim
2163 1452 2202 1506 ‘2

220 1535 563 1620 existimes,
607 1557 710 1601 me
758 1557 980 1601 omnes
1019 1535 1306 1600 Achaiae
1344 1537 1634 1602 civitates
1680 1535 1979 1600 arbitrari
2013 1555 2130 1618 pro

219 1622 455 1687 horum
497 1628 864 1710 temporum
908 1625 1396 1709 perturbatione
1441 1625 1678 1709 feliceS,
1724 1624 1894 1708 quod
1934 1623 2015 1687 iis
2060 1626 2134 1686 tu

220 1712 484 1797 praesiS,
530 1714 928 1797 eundemque
975 1735 1076 1777 me
1121 1714 1216 1777 ita
1249 1714 1583 1798 iudicasse,
1625 1716 1711 1797 te,
1756 1713 1927 1797 quod
1963 1733 2132 1776 unus

222 1802 465 1885 optime
512 1823 736 1868 nosses
782 1823 918 1868 non
962 1806 1189 1868 nostra
1243 1803 1478 1888 solum,
1534 1802 1645 1867 sed
1698 1803 1895 1867 etiam
1940 1799 2131 1865 Grae-

219 1891 357 1955 ciae
403 1895 823 1956 monumenta
869 1892 1112 1976 omnia,
1165 1895 1281 1956 tua
1326 1894 1555 1975 sponte
1609 1892 1886 1957 amicum
1939 1888 2134 1954 Lace-

218 1979 578 2045 daemoniis
625 1985 690 2045 et
734 2001 872 2045 esse
919 1983 985 2045 et
1017 1980 1175 2045 fore.
1250 1979 1457 2056 Quare
1492 1983 1751 2045 tantum
1789 2002 1828 2044 a
1861 1982 1928 2043 te
1963 1981 2136 2063 peto,

219 2071 322 2151 ut,
368 2089 567 2151 quum
611 2091 688 2134 ea
741 2069 939 2133 facies
980 2068 1641 2134 ’Lacedaemoniorum
1697 2090 1916 2151 causa,
1970 2079 2134 2151 quae

218 2161 338 2220 tua
381 2156 558 2241 fides,
603 2156 978 2242 amplitudO,
1022 2158 1271 2222 iustitia
1305 2158 1611 2242 postulat,
1655 2161 1730 2222 ut
1773 2156 1871 2240 iis,
1917 2155 1971 2219 si
2014 2154 2135 2219 tibi

220 2244 561 2329 videbitur,
608 2246 930 2331 significes
975 2249 1041 2310 te
1086 2267 1222 2312 non
1267 2247 1537 2311 moleste
1580 2244 1775 2329 ferre,
1822 2243 1993 2328 quod
2038 2244 2134 2306 in-

223 2332 480 2418 telligas
536 2355 637 2417 ea,
693 2355 857 2419 quae
911 2334 1141 2419 facias,
1204 2334 1364 2397 mihi
1420 2354 1672 2418 quoque
1728 2336 1916 2418 grata
1970 2352 2135 2414 esse3

219 2423 506 2506 pertinet
549 2424 722 2488 enim
768 2422 848 2488 ad
897 2423 1181 2489 officium
1225 2444 1442 2487 meum
1478 2444 1586 2487 eos
1624 2422 1985 2486 existimare
2032 2442 2136 2484 cu-

218 2531 332 2574 rae
388 2510 546 2575 mihi
601 2533 750 2576 suas
795 2533 897 2575 res
954 2533 1117 2577 esse:
1176 2512 1301 2576 hoc
1354 2514 1419 2575 te
1475 2511 1885 2576 vehementer
1939 2508 2136 2573 etiam

217 2601 418 2682 atque
463 2600 658 2663 etiam
702 2620 882 2685 rogo,

1054 2791 1295 2859 XXIX.

609 2906 726 2963 Ser.
763 2906 974 2960 Romae
1009 2905 1240 2961 ineunte
1278 2922 1423 2961 anno
1460 2924 1512 2962 u.
1551 2922 1597 2960 c.
1638 2910 1756 2960 ⁷08.

738 3028 995 3085 CICERO
1034 3029 1095 3085 L.
1133 3028 1425 3085 PLANCO
1464 3028 1613 3085 SAL.

354 3127 510 3194 Non
565 3129 818 3214 dubito,
874 3131 1032 3213 quin
1085 3129 1250 3195 scias
1303 3130 1375 3194 in
1436 3129 1515 3194 iis
1570 3128 1946 3194 necessariis
1956 3179 1974 3211 ,
2028 3126 2138 3211 qui
2179 3137 2203 3186 1

212 3217 343 3281 'tibi
381 3239 420 3282 a
456 3221 638 3301 patre
676 3219 883 3283 relicti
921 3221 1089 3302 sunt,
1134 3240 1237 3283 me
1273 3218 1395 3283 tibi
1433 3239 1570 3283 esse
1611 3219 1712 3281 vel
1751 3217 2135 3282 coniunctis·

367 3425 470 3497 Ep.
510 3433 594 3483 28.
611 3430 664 3483 b.
703 3434 752 3483 2.
824 3429 1096 3486 iudicasse
1142 3428 1293 3497 (W.).
1384 3426 1633 3482 iudicare
1676 3424 1776 3500 M„
1822 3423 2009 3492 vulgo.
2069 3447 2135 3459 —

204 3499 537 3570 postulabit,
574 3500 648 3554 iis
685 3500 853 3570 (W.)?
1695 3499 1705 3506 ·
