2338 3691
730 122 1245 178 EPISTOLARUM
1280 122 1349 177 X.
1391 128 1473 177 11.
1517 129 1596 176 12.
1996 122 2124 188 309

208 273 309 333 est
363 290 540 354 cura,
602 272 677 334 ut
729 270 820 334 rei
884 268 1180 354 publicae
1238 289 1341 333 me
1406 269 1608 333 civem
1665 266 1933 353 dignum
1999 272 2123 333 tius

206 358 506 424 laudibus
551 361 892 443 praestem,
935 357 1006 421 in
1052 357 1336 422 amicitia
1378 360 1493 421 tua
1537 376 1886 424 memorem
1931 360 2124 441 atque

206 450 484 534 gratum.
576 446 761 523 Quod
805 447 1122 531 reliquum
1166 449 1285 532 est,
1326 448 1513 511 tuum
1557 466 1791 511 munus
1833 449 2014 511 tuere
2061 452 2128 512 et

203 558 336 620 me,
401 537 486 622 si,
549 556 739 621 quem
802 557 939 602 esse
1001 535 1289 620 voluisti,
1361 556 1507 600 eum
1572 535 1745 600 exitu
1807 535 2123 620 rebusque

206 626 574 712 cognoscis,
638 626 907 691 defende
972 647 1047 690 ac
1110 626 1377 709 suscipe.
1468 623 1680 700 Quum
1734 623 2124 689 Rhodanum
2160 635 2193 685 2

207 715 431 800 copias
492 715 886 781 traiecissem
938 714 1332 799 fratremque
1396 735 1542 779 cum
1603 714 1812 778 tribus
1866 714 2124 778 milibus

206 804 498 889 equitum
540 805 1038 890 praemisissem,
1089 804 1228 889 ipse
1282 804 1408 868 iter
1465 803 1546 867 ad
1601 801 1922 868 Mutinam
1976 803 2124 867 diri·

204 891 1837 1050 {m“ziffffiffssffi333505531550312‘53333?
1876 890 2126 1045 3an

208 1072 412 1138 alium
455 1077 784 1157 receptum
836 1071 1201 1137 Antonium
1253 1070 1709 1155 reliquiasque,
1761 1090 1923 1154 quae
1980 1091 2126 1134 cum

208 1183 291 1227 eo
354 1165 594 1247 essent,
654 1161 893 1226 habere
946 1160 1074 1225 nisi
1125 1160 1199 1225 in
1249 1160 1369 1224 has
1423 1162 1667 1243 partes,
1730 1158 2012 1242 duasque
2067 1158 2127 1222 ei

207 1272 360 1335 spes
416 1272 553 1316 esse
607 1250 1000 1335 propositas,
1051 1265 1253 1314 unam
1294 1247 1523 1332 Lepidi
1574 1246 1804 1332 ipsius,
1858 1247 2126 1311 alteram

209 1340 545 1404 exercitus.
619 1337 804 1415 Quod
850 1338 1164 1423 quaedam
1199 1359 1350 1422 pars
1388 1336 1700 1401 exercitus
1740 1356 1878 1400 non
1912 1333 2126 1400 minus

206 1429 458 1494 furiosa
501 1430 604 1493 est
656 1450 848 1513 quam
902 1427 1012 1511 qui
1067 1448 1214 1491 cum
1266 1425 1557 1490 Antonio
1610 1424 1901 1508 fuerunt,
1954 1424 2127 1508 equi·

208 1519 425 1582 tatum
487 1518 807 1600 revocavi3
869 1517 1008 1600 ipse
1067 1516 1140 1579 in
1193 1514 1653 1600 Allobrogibus
1706 1512 1994 1597 constiti,
2055 1514 2130 1576 ut

209 1606 485 1691 proinde
549 1606 632 1670 ad
695 1605 913 1671 omnia
975 1607 1241 1689 paratus
1304 1625 1509 1669 essem
1562 1623 1638 1667 ac
1689 1623 1792 1667 res
1847 1623 1948 1667 me
1994 1623 2127 1666 mo-

209 1699 415 1759 neret.
506 1692 576 1760 Si
627 1695 840 1760 nudus
893 1694 1023 1758 huc
1077 1715 1144 1758 se
1190 1692 1518 1758 Antonius
1574 1690 1888 1776 conferet,
1939 1689 2128 1755 facile

211 1783 378 1849 mihi
421 1783 641 1850 videor
684 1805 800 1869 per
845 1803 947 1848 me
993 1782 1309 1848 sustinere
1362 1801 1553 1867 posse
1606 1800 1868 1865 remque
1921 1779 2128 1865 publi·

213 1894 360 1938 cam
414 1894 493 1938 ex
545 1877 762 1939 vestra
815 1874 1137 1938 sententia
1183 1872 1655 1955 administrare,
1710 1870 2000 1955 quamvis
2046 1869 2128 1933 ab

213 1964 499 2027 exercitu
544 1961 772 2047 Lepidi
815 1961 1188 2046 recipiatur3
1233 1962 1289 2025 si
1332 1982 1484 2027 vero
1522 1959 1853 2044 copiarum
1887 1958 2129 2042 aliquid

213 2072 434 2116 secum
488 2050 762 2117 adducet
813 2054 881 2115 et
924 2050 980 2114 si
1043 2050 1290 2115 decima
1344 2049 1517 2134 legio
1570 2051 1903 2132 veterana,
1966 2068 2130 2132 quae

212 2144 444 2205 nostra
489 2161 685 2224 opera
726 2142 1030 2205 revocata
1072 2160 1218 2204 cum
1261 2139 1523 2222 reliquis
1569 2139 1686 2221 est,
1730 2137 1813 2201 ad
1858 2135 2131 2200 eundem

211 2230 502 2294 furorem
555 2228 840 2313 redierit,
902 2233 1150 2312 tamen,
1213 2248 1296 2292 ne
1360 2227 1513 2311 quid
1577 2225 1946 2290 detrimenti
1999 2224 2132 2309 fiat,

213 2318 479 2383 dabitur
525 2338 722 2404 opera
764 2341 805 2383 a
847 2339 969 2401 me,
1013 2317 1204 2401 idque
1249 2337 1351 2380 me
1396 2318 1871 2400 praestaturum
1924 2335 2132 2398 sper0,

213 2408 374 2472 dum
416 2407 611 2472 istinc
653 2408 876 2492 copiae
918 2406 1323 2470 traiiciantur
1366 2405 1870 2488 coniunctaeque
1916 2402 2129 2467 nobis-

214 2517 365 2562 cum
408 2496 663 2562 facilius
695 2495 982 2581 perditos
1024 2494 1412 2579 opprimant.
1481 2492 1627 2558 Hoc
1669 2493 1790 2557 tibi
1827 2491 2131 2577 spondeo,

214 2586 311 2650 mi
355 2583 597 2670 Cicero,
639 2605 848 2669 neque
893 2583 1181 2649 animum
1224 2603 1347 2648 nec
1381 2581 1785 2667 diligentiam
1820 2581 1979 2645 mihi
2024 2580 2129 2644 de-

212 2675 521 2739 futuram.
611 2671 816 2758 Cupio
864 2672 1258 2739 mehercules
1303 2672 1549 2736 nullam
1593 2670 1916 2735 residuam
1958 2668 2131 2733 solli·-

215 2763 571 2829 citudinem
615 2781 782 2846 esse3
828 2761 956 2845 sed,
1004 2762 1059 2825 si
1102 2761 1316 2844 fuerit,
1359 2781 1479 2825 nec
1514 2759 1731 2824 animo
1777 2779 1897 2822 nec
1941 2758 2131 2822 bene·

214 2852 541 2918 velentiae
592 2872 713 2917 nec
773 2851 1125 2936 patientiae
1190 2850 1562 2933 cuiusquam
1623 2869 1742 2934 pro
1795 2846 1980 2911 vobis
2034 2866 2131 2910 ce-

215 2941 384 3006 dam.
495 2939 599 3006 Do
665 2940 924 3025 quidem
994 2960 1116 3024 ego
1193 2959 1481 3023 operam,
1551 2939 1628 3002 ut
1689 2936 1882 3000 etiam
1945 2933 2132 3019 Lepi·

215 3029 373 3095 dum
418 3029 501 3095 ad
554 3029 747 3095 huius
791 3029 886 3095 rei
932 3029 1305 3093 societatem
1349 3027 1631 3103 incitem,
1686 3024 2026 3108 omniaque
2072 3024 2132 3088 ei

215 3118 530 3204 obsequia
574 3118 900 3203 polliceor,
946 3117 1002 3182 si
1045 3116 1240 3182 modo
1285 3137 1422 3181 rem
1458 3114 1783 3199 publicam
1817 3113 2130 3197 respicere

358 3347 588 3475 Epium,
622 3353 667 3401 1.
740 3347 989 3403 amicitia
1022 3350 1126 3401 tua
1160 3344 1273 3414 (M,
1310 3344 1518 3415 vulgo).
1602 3361 1653 3398 a.
1690 3344 1779 3397 tui
1812 3341 2030 3410 Kleyn„
2066 3338 2129 3392 B.

214 3424 268 3473 2.
322 3422 387 3473 in
547 3423 740 3488 partes
775 3418 924 3487 (W.).
1004 3418 1070 3473 im
1112 3417 1199 3471 his
1232 3414 1494 3485 partibus
1529 3412 1630 3482 M„
1668 3412 1856 3483 vulgo.
1895 3442 1962 3450 —
2008 3424 2129 3463 con-

209 3489 351 3558 feret
387 3488 532 3559 (edd.
570 3491 746 3560 vett).
820 3489 1030 3557 confert
1063 3487 1196 3543 ΜΒ.
