2338 3691
741 108 1260 193 EPISTOLARUJJAE
1297 137 1364 192 x.
1404 144 1487 192 31.
1528 143 1615 193 32.
2010 138 2138 203 337

220 279 452 364 habes,
507 281 813 366 opinione
866 285 982 346 tua
1036 281 1196 347 mihi
1250 283 1499 368 gratius
1552 285 1678 366 est3
1731 282 1989 348 invideo
2041 283 2140 349 illi

218 372 468 453 tamen,
524 369 697 453 quod
749 371 1041 436 ambulat
1092 375 1159 437 et
1210 371 1461 437 iocatur
1510 375 1743 436 tecum.
1837 370 2140 474 Quaeres,

221 458 453 542 quanti
511 459 584 524 id
641 459 993 524 aestimem.
1108 457 1181 524 Si
1236 481 1544 562 umquam
1609 459 1864 525 licuerit
1925 460 2138 526 vivere

220 547 295 610 in
349 546 512 631 otio,
574 548 947 632 experieris3
999 549 1252 614 nullum
1306 549 1477 617 enim
1521 549 1867 634 vestigium
1912 548 2027 614 abs
2071 553 2138 613 te

221 635 618 701 discessurus
682 658 843 702 sum.
941 635 1114 702 Illud
1167 638 1586 702 vehementer
1636 638 1942 722 admiror,
2003 659 2141 704 non

221 723 923 879 ἓὲῗὲἔῗέωέωῗῖ
954 747 1223 880 1?ss
1225 726 2139 900 {21²3.b135.223²ffig.3¹2.22

219 901 436 969 facere
500 903 768 987 possim:
840 924 964 989 ego
1024 904 1314 988 quidem,
1381 904 1501 969 etsi
1564 903 1725 968 mihi
1794 904 1999 970 tutius
2064 926 2140 969 ac

221 989 439 1055 minus
490 991 887 1058 laboriosum
949 996 1050 1057 est
1100 1014 1390 1078 manere,
1446 995 1695 1076 tamen,
1750 993 1901 1076 quia
1952 992 2139 1058 video

220 1079 343 1143 tali
369 1080 658 1164 tempore
694 1082 900 1147 multo
928 1082 1137 1167 magis
1173 1081 1540 1168 legionibus
1577 1103 1739 1166 opus
1775 1102 1917 1147 esse
1946 1103 2142 1165 quam

220 1168 591 1253 provinciis,
635 1191 801 1253 quae
844 1170 1226 1254 praesertim
1260 1170 1605 1255 reciperari
1647 1171 1829 1235 nullo
1874 1171 2139 1256 negotio

221 1257 504 1343 possint,
557 1258 891 1343 constitui,
943 1262 1021 1323 ut
1070 1280 1246 1324 nunc
1293 1261 1416 1344 est,
1469 1280 1617 1323 cum
1670 1258 1951 1324 exercitu
1993 1280 2141 1342 pro·

221 1344 440 1412 ficisci.
511 1345 762 1411 Deinde
799 1369 878 1412 ex
911 1347 1163 1432 litteris,
1210 1369 1369 1432 quas
1398 1309 1657 1412 Pansae
1692 1347 1860 1449 misi3
1904 1367 2141 1432 cogno-

223 1455 365 1498 sces
411 1435 655 1518 omnia3
712 1457 866 1500 nam
908 1436 1030 1501 tibi
1076 1457 1298 1501 earum
1343 1437 1669 1521 exemplar
1712 1434 1888 1503 misi.
1965 1451 2139 1498 xvn.

220 1521 369 1587 Kal.
414 1522 618 1608 April.
664 1520 980 1589 Corduba.

724 1787 731 1790 ,
1040 1717 1315 1785 XXXII.

487 1829 602 1887 Ser.
640 1830 930 1888 Cordubae
965 1830 1061 1887 VI.
1100 1832 1233 1888 Idus
1272 1831 1463 1890 Iunias
1500 1848 1550 1886 a.
1587 1850 1641 1886 u.
1680 1849 1727 1887 c.
1766 1837 1885 1887 711.

405 1953 466 2011 Ο.
511 1955 802 2012 ASINIUS
846 1956 1110 2014 POLLIO
1165 1958 1241 2014 M.
1290 1955 1557 2013 TULLIO
1605 1955 1963 2014 CICERONI.

361 2053 606 2121 Balbus
635 2060 937 2160 quaestor
963 2078 1205 2143 magna
1229 2060 1570 2123 numerata
1595 2057 1886 2141 pecunia,
1904 2077 2142 2142 magno

225 2144 513 2231 pondere
559 2146 718 2229 auri,
761 2147 1004 2212 maiore
1049 2147 1306 2233 argenti
1343 2149 1566 2212 coacto
1604 2145 1684 2209 de
1719 2145 1994 2229 publicis
2039 2167 2142 2210 ex-

227 2234 622 2318 actionibus,
684 2255 767 2299 ne
826 2235 1147 2319 stipendio
1206 2235 1464 2320 quidem
1525 2234 1838 2300 militibus
1891 2234 2143 2299 reddito

227 2323 414 2390 duxit
457 2344 525 2387 se
570 2344 612 2387 a
655 2320 941 2389 Gadibus
987 2328 1053 2389 et
1095 2324 1384 2389 triduum
1424 2326 1809 2408 tempestate
1854 2326 2143 2387 retentus

227 2412 312 2477 ad
357 2409 603 2497 Calpen
648 2410 793 2477 Kal.
836 2411 1042 2478 Iuniis
1085 2413 1342 2478 traiecit
1395 2434 1533 2478 sese
1576 2412 1649 2476 in
1700 2432 1976 2497 regnum
2018 2411 2143 2477 Bo·

228 2500 420 2587 gudis
464 2501 658 2585 plane
702 2501 866 2566 bene
910 2502 1287 2586 peculiatus.
1357 2501 1481 2567 His
1524 2501 1890 2567 rumoribus
1927 2503 2145 2566 utrum

226 2588 441 2653 Gades
495 2589 812 2654 referatur
873 2612 961 2655 an
1012 2590 1292 2657 Romam
1344 2626 1430 2639 -—
1477 2590 1560 2655 ad
1618 2590 1910 2676 singulos
1973 2590 2146 2655 enim

227 2679 495 2745 nuntios
538 2679 910 2763 turpissime
947 2680 1219 2745 consilia
1262 2683 1476 2745 mutat
1500 2716 1615 2763 —,
1657 2678 1951 2746 nondum
1994 2678 2146 2743 scio.

228 2765 356 2832 Sed
393 2771 649 2851 praeter
691 2767 870 2833 furta
905 2771 974 2835 et
1014 2769 1279 2854 rapinas
1324 2772 1392 2834 et
1433 2767 1633 2854 virgis
1678 2789 1899 2834 caesos
1937 2766 2145 2833 socios

225 2855 389 2920 haec
453 2877 707 2940 quoque
770 2856 951 2942 fecit,
1012 2860 1088 2923 ut
1138 2858 1278 2943 ipse
1333 2857 1597 2943 gloriari
1652 2857 1843 2940 solet,
1905 2856 2147 2941 eadem,

227 2966 393 3029 quae
450 2942 554 3010 O.
532 2941 826 3009 Caesar:
879 2946 1074 3031 ludis,
1128 2968 1291 3030 quos
1337 2944 1623 3010 Gadibus
1666 2945 1847 3029 fecit,
1899 2944 2145 3010 Heren-

225 3034 410 3098 nium
446 3030 704 3098 Gallum
739 3033 1121 3100 histrionem
1166 3057 1417 3101 summo
1462 3035 1764 3099 ludorum
1809 2995 1910 3097 die
1948 3034 2145 3099 anulo

227 3143 424 3188 aureo
463 3122 830 3187 donatum
811 3145 882 3187 ιιι
927 3137 1108 3185 xml
1154 3145 1402 3189 sessum
1438 3122 1702 3189 deduxit
1727 3158 1812 3171 -
1844 3125 1947 3188 tot
1972 3123 2145 3188 enim

370 3351 473 3422 Ep.
513 3357 599 3419 31,
638 3358 688 3407 6.
761 3354 1046 3407 aestimem.
1103 3352 1171 3407 Sc
1207 3352 1356 3421 (W)
1449 3348 1619 3406 aest?
1675 3349 1743 3405 Si
1777 3349 1963 3420 vulgo.
2038 3350 2142 3419 Ep.

228 3428 313 3476 32.
372 3394 676 3476 POLLIO
714 3424 802 3478 M.
855 3422 1160 3478 TVLLIO
1211 3423 1321 3491 (W.
1361 3439 1429 3477 ex
1463 3423 1526 3476 B.
1566 3421 1748 3490 conj..)
1842 3368 2144 3474 POLLIO

228 3493 322 3561 M„
360 3493 552 3564 vu1g0.
628 3493 1031 3550 CICERONI
1062 3493 1232 3551 SAL.
1269 3493 1344 3548 D.
1386 3493 1495 3561 (w.
1499 3495 1558 3562 γι»

339 3580 566 3625 Ciceronis
593 3583 720 3635 epist.
747 3584 784 3624 Ι.
1648 3584 1715 3632 22
