2338 3691
217 105 350 170 550
785 105 859 158 Μ.
899 103 1143 158 TULLII
1179 103 1561 160 CICERONIS

218 251 632 315 excellentem
668 248 875 313 virum
912 248 1129 313 videas
1166 270 1360 333 quam
1396 248 1693 333 primum.
1763 247 1935 312 Nam
1974 246 2129 332 quid

218 360 340 424 ego
388 337 464 402 de
509 336 768 401 Bruttio
816 336 1068 401 dicam?
1133 358 1323 421 quem
1367 338 1547 402 nullo
1593 340 1885 421 tempore
1939 357 1980 400 a
2024 357 2127 399 me

217 427 431 511 patior
493 424 841 509 discedere,
903 426 1083 490 cuius
1147 448 1347 509 quum
1399 425 1574 511 frugi
1628 422 1973 508 severaque
2028 429 2129 488 est

218 515 378 596 vita,
440 516 581 577 tum
644 514 840 577 etiam
901 513 1363 578 iucundissima
1421 514 1767 597 convictio;
1826 534 1964 578 non
2028 517 2129 577 est

218 603 392 667 enim
437 602 762 667 seiunctus
806 601 984 667 iocus
1021 624 1062 667 a
1097 605 1453 688 φιλολογίᾳ
1497 606 1565 667 et
1598 601 1974 686 quotidiana
2012 617 2129 665 συ-

219 685 497 774 ζητήσει.
580 689 753 754 Huic
808 710 930 781 ego
984 691 1199 755 locum
1249 691 1322 755 in
1371 690 1665 775 proximo
1721 690 1999 755 conduxi
2042 693 2127 773 et,

218 782 293 841 ut
334 800 627 862 possum,
673 800 751 843 ex
794 779 954 843 meis
998 779 1317 864 angustiis
1360 779 1533 844 illius
1579 782 1871 844 sustento
1917 779 2126 843 tenui-

217 870 437 931 tatem.
508 866 849 932 Praeterea
892 866 1299 932 declamitare
1339 865 1579 932 Graece
1625 867 1797 950 apud
1832 864 2127 932 Cassium

219 955 496 1039 institui3
540 955 771 1020 Latine
815 957 1030 1021 autem
1075 956 1247 1040 apud
1281 954 1610 1021 Bruttium
1647 955 1922 1020 exerceri
1956 955 2126 1019 volo.

217 1044 387 1109 Utor
430 1044 856 1109 familiaribus
902 1047 969 1108 et
1004 1044 1396 1128 quotidianis
1435 1044 1926 1128 convictoribus,
1960 1065 2127 1127 quos

219 1154 436 1197 secum
496 1132 826 1217 Mytilenis
881 1130 1226 1217 Cratippus
1283 1132 1576 1218 adduxit,
1635 1132 2006 1198 hominibus
2060 1135 2128 1196 et

219 1222 423 1287 doctis
471 1225 538 1285 et
579 1222 675 1286 illi
725 1222 1215 1307 probatissimis,
1303 1221 1582 1286 Multum
1626 1221 1822 1286 etiam
1874 1241 2127 1285 mecum

220 1314 319 1375 est
361 1310 726 1394 EpicrateS,
778 1310 1076 1394 princeps
1131 1310 1654 1393 Atheniensium,
1700 1313 1766 1374 et
1808 1307 2126 1375 Leonides

219 1402 287 1462 et
337 1398 570 1463 horum
615 1400 809 1463 ceteri
853 1399 1109 1463 similes.
1216 1394 1310 1463 Τὰ
1363 1395 1487 1482 μὲν
1548 1388 1677 1463 οὖν’
1727 1392 1886 1463 καθ’
1955 1391 2127 1481 ἡμᾶς

220 1483 396 1552 τάδε.
482 1486 581 1551 De
635 1486 877 1573 Gorgia
939 1489 1155 1552 autem
1219 1486 1390 1570 quod
1453 1487 1612 1551 mihi
1674 1486 1925 1570 scribiS,
1988 1491 2127 1550 erat

222 1575 478 1660 quidem
530 1576 639 1640 ille
683 1576 754 1640 in
807 1574 1183 1660 quotidiana
1236 1575 1698 1640 declamatione
1749 1576 1955 1659 utilis,
2013 1574 2125 1638 sed

223 1664 442 1729 omnia
485 1665 849 1772 postposui,
894 1664 1240 1730 dummodo
1294 1664 1653 1748 praeceptis
1696 1664 1900 1748 patris
1943 1684 2120 1747 pare·

219 1774 375 1837 rem,
419 1753 792 1838 διαρρηδην
829 1753 1001 1819 enim
1037 1753 1400 1837 scripserat,
1442 1757 1518 1817 ut
1552 1774 1698 1817 eum
1740 1752 2125 1816 dimitterem

222 1842 467 1906 statim:
523 1841 933 1928 tergiversari
985 1842 1166 1908 nolui
1175 1874 1200 1927 ,·
1255 1863 1338 1907 ne
1392 1863 1537 1906 mea
1599 1841 1800 1906 nimia
1863 1835 2123 1922 σπουδὴ

223 1930 652 2014 suspicionem
723 1931 783 1994 ei
854 1930 1135 2014 aliquam
1201 1932 1605 2015 importaret,
1675 1929 1903 1995 deinde
1966 1929 2124 1993 illud

223 2018 416 2083 etiam
478 2018 639 2081 mihi
701 2019 1100 2103 sucurrebat,
1162 2039 1357 2105 grave
1411 2041 1548 2083 esse
1601 2039 1703 2082 me
1759 2018 1837 2082 de
1890 2016 2124 2082 iudicio

223 2106 424 2190 patris
469 2105 776 2189 iudicare3
828 2110 1014 2172 tuum
1067 2111 1287 2173 tamen
1341 2107 1620 2172 studium
1668 2110 1735 2171 et
1786 2106 2125 2172 consilium

224 2199 480 2280 gratum
534 2199 989 2282 acceptumque
1045 2200 1143 2260 est
1195 2196 1372 2261 mihi.
1460 2194 1960 2261 Excusationem
2014 2216 2124 2258 an-

223 2284 582 2369 gustiarum
635 2284 732 2349 tui
788 2286 1096 2368 temporis
1158 2285 1431 2368 accipi03
1494 2284 1625 2349 scio
1678 2284 1878 2368 enim,
1932 2304 2126 2366 quam

224 2374 431 2447 soleas
487 2394 624 2437 esse
681 2377 1045 2457 occupatus.
1134 2373 1388 2437 Emisse
1441 2376 1508 2437 te
1562 2371 1892 2456 praedium
1939 2371 2125 2436 vehe-

222 2463 473 2525 menter
517 2460 766 2546 gaudeo
821 2462 1218 2546 feliciterque
1271 2461 1392 2526 tibi
1445 2483 1582 2526 rem
1634 2461 1826 2525 istam
1874 2460 2128 2525 evenire

224 2569 448 2702 {ggecin
493 2550 1082 2703 enilfficfsschmffie
1091 2549 1865 2722 tillbqugqssieubailnlisgaeoze
1882 2570 2131 2702 2133}

222 2748 324 2791 me
363 2726 698 2792 certiorem
727 2762 830 2791 -.
906 2727 944 2805 †
963 2725 1183 2790 Habes
1220 2725 1634 2810 deponendae
1670 2725 1789 2789 tibi
1827 2729 1981 2789 sunt
2025 2748 2130 2791 ur·

222 2815 574 2899 banitates;
627 2816 903 2879 rusticus
958 2814 1290 2880 Romanus
1343 2815 1556 2880 factus
1616 2835 1702 2880 es.
1791 2812 2130 2890 Quomodo

363 3026 466 3096 Ep.
505 3031 592 3092 21,
630 3030 678 3080 6.
751 3025 844 3080 ille
888 3026 1104 3095 quidem
1147 3025 1212 3079 in
1246 3024 1426 3094 {(W.)2
1500 3030 1547 3078 ’1.
1604 3025 1767 3094 cupio
1803 3055 1870 3064 ——
1907 3024 2007 3079 hoc
2046 3067 2058 3078 .
2084 3064 2132 3079 ..

224 3099 499 3153 certiorem
534 3127 619 3150 —.
677 3095 828 3165 (W.).
909 3112 953 3150 c.
1010 3096 1134 3150 Hoc
1172 3137 1184 3150 .
1208 3138 1255 3149 ..
1293 3112 1336 3149 c.
1374 3096 1563 3166 vulgo.
1602 3126 1668 3135 —
1714 3099 1751 3161 †
1787 3095 1976 3150 Habes
2010 3096 2132 3164 dep.

223 3169 327 3222 tibi
361 3171 491 3221 sunt
525 3168 645 3222 urb.
686 3167 836 3236 (W.).
892 3167 1094 3221 -Habes
1132 3166 1244 3234 (vel
1271 3166 1347 3220 H.
1376 3167 1711 3235 praedium),
1745 3166 1844 3220 ubi
1868 3166 1922 3219 d.
1950 3171 1989 3221 t.
2017 3168 2136 3220 sint

223 3253 280 3290 u.
319 3237 506 3306 (Cr-at„
535 3237 762 3306 Gron.)?
834 3237 922 3291 An
950 3238 1137 3292 Habes
1173 3240 1204 3274 ³¹²
1232 3238 1262 3272 *
1291 3240 1320 3272 *
1356 3238 1409 3291 d.
1448 3243 1483 3290 t.
1521 3242 1652 3291 sunt
1677 3254 1733 3290 α.
1771 3236 1936 3304 (W.)‘?
2010 3237 2136 3291 Ha-

226 3306 327 3359 bes.
382 3307 442 3360 D
511 3349 523 3361 .
558 3313 597 3361 t.
626 3313 757 3362 sumt
781 3324 837 3362 u.
864 3307 960 3375 M„
987 3308 1048 3362 B.
1086 3338 1154 3348 -
1192 3323 1262 3374 es,
1298 3308 1559 3376 quomodo
1596 3348 1609 3361 .
1633 3348 1679 3362 ..
1709 3322 1991 3375 propono;
2017 3308 2133 3362 vid.

225 3376 369 3429 enim
511 3380 544 3444 .)
592 3380 693 3432 aut
737 3394 806 3433 es.
892 3379 1166 3448 Quomodo
1362 3376 1451 3431 22?
1553 3377 1752 3432 Videor
1796 3378 1933 3431 mihi
1979 3378 2133 3448 (W.).

225 3459 295 3496 cs.
354 3445 417 3514 Q.
457 3486 469 3499 .
494 3486 506 3498 .
534 3445 671 3514 pon?
705 3449 891 3503 videor
926 3450 1069 3503 enim
1103 3449 1198 3519 M,
1235 3395 1424 3519 ruffio.
