2338 3691
227 123 354 187 312
789 120 866 177 Μ.
907 123 1153 178 TULLII
1191 120 1570 179 CICERONIS

224 290 499 353 menque
544 272 731 333 tuum
775 269 1152 334 commenda
1196 269 1695 354 immortalitati,
1740 273 1932 354 atque
1977 271 2137 335 haec

225 357 468 459 omnia,
523 379 686 441 quae
730 356 977 421 habent
1031 358 1309 442 speciem
1355 357 1597 443 gloriae
1652 358 1986 424 collectam
2038 359 2136 423 in-

225 445 548 510 anissimis
605 446 963 530 splendoris
1017 446 1411 532 insignibuS,
1470 450 1834 532 contemne,
1896 448 2139 531 brevia,

221 534 497 619 fugacia,
543 535 782 599 caduca
828 535 1138 599 existima.
1229 533 1474 600 Verum
1529 535 1719 600 decus
1773 535 1844 601 in
1898 536 2137 600 virtute

219 624 506 707 positum
568 627 691 708 est,
759 646 922 708 quae
987 625 1263 691 maxime
1325 624 1685 690 illustratur
1747 625 2000 710 magnis
2062 625 2137 689 in

217 733 356 776 rem
401 712 726 796 publicam
770 713 1041 777 meritis:
1088 733 1231 777 eam
1266 712 1644 777 facultatem
1687 713 1889 778 habes
1934 714 2130 777 maxi·

218 822 418 885 mam3
477 823 671 885 quam
735 802 1041 886 quoniam
1088 802 1455 887 complexus
1503 824 1569 866 es
1578 853 1596 886 ,
1642 805 1815 866 tenet
1880 803 2135 886 perfice,

218 893 293 953 ut
336 911 418 954 ne
465 891 678 954 minus
722 912 825 954 res
871 890 1129 975 publica
1173 890 1294 955 tibi
1341 913 1534 975 quam
1577 894 1652 955 tu
1695 890 1790 955 rei
1834 891 2132 975 publicae

220 978 468 1042 debeas
566 978 673 1043 Me
732 982 883 1043 tuae
947 979 1284 1064 dignitatis
1348 1001 1482 1044 non
1546 976 1736 1061 modo
1790 979 2132 1063 fautorem,

218 1067 329 1130 sed
394 1068 589 1132 etiam
643 1068 1171 1153 amplificatorem
1227 1088 1599 1154 cognosces:
1663 1068 1729 1132 id
1786 1084 1984 1152 quum
2036 1069 2127 1132 rei

214 1155 528 1240 publicae,
565 1179 727 1240 quae
763 1157 922 1221 mihi
950 1157 1083 1221 vita
1121 1160 1221 1221 est
1247 1178 1390 1221 mea
1428 1156 1652 1240 carior,
1686 1160 1827 1220 tum
1863 1160 2130 1222 nostrae

214 1245 674 1310 necessitudini
729 1245 957 1309 debere
1011 1267 1113 1311 me
1167 1246 1398 1311 iudico.
1487 1244 1704 1329 Atque
1748 1246 1819 1309 in
1863 1245 1966 1310 his
2022 1267 2130 1311 cu·-

214 1333 321 1418 ris,
367 1356 526 1418 quas
573 1335 817 1399 contuli
863 1335 944 1398 ad
982 1334 1366 1420 dignitatem
1402 1336 1601 1417 tuam,
1646 1335 1785 1418 cepi
1821 1352 2128 1419 magnam

212 1423 639 1507 voluptatem,
695 1424 866 1507 quod
909 1423 1074 1488 bene
1131 1424 1461 1509 cognitam
1515 1423 1675 1487 mihi
1729 1421 1802 1487 Τ.
1847 1416 2126 1487 Munatii

212 1512 620 1595 prudentiam
667 1514 733 1576 et
775 1512 965 1576 fidem
1012 1512 1220 1597 magis
1276 1512 1469 1577 etiam
1523 1511 1820 1596 perspexi
1872 1511 1944 1575 in
1990 1513 2128 1577 eius

210 1600 569 1751 ἰηοϊθάἱῦὓί
623 1621 777 1686 erga
830 1605 895 1666 te
949 1601 1400 1667 benevolentia
1463 1603 1529 1665 et
1583 1599 1933 1686 diligentia.
2026 1615 2126 1662 111.

248 1689 365 1753 dus
411 1688 568 1773 Apr.

1075 1881 1257 1950 XIII.

399 1995 514 2052 Scr.
552 1997 764 2052 Romae
801 2014 990 2052 mense
1024 1997 1176 2052 Maio
1214 1998 1368 2065 (ante
1403 1997 1505 2066 Id.)
1544 2013 1594 2052 a.
1632 2015 1686 2051 u.
1724 2013 1772 2051 c.
1812 2002 1929 2051 711.

863 2119 1120 2176 CICERO
1157 2119 1463 2175 PLANCO.

341 2218 436 2287 Ut
478 2222 761 2305 primum
797 2221 955 2285 mihi
990 2224 1280 2306 potestas
1320 2220 1471 2286 data
1507 2224 1606 2285 est
1649 2220 1983 2307 augendae
2030 2221 2121 2285 di-

208 2310 476 2395 gnitatis
522 2313 689 2394 tuae,
732 2310 897 2375 nihil
941 2310 1344 2395 praetermisi
1378 2310 1449 2373 in
1488 2313 1553 2374 te
1592 2310 1901 2393 ornando,
1948 2309 2118 2394 quod

205 2399 490 2484 positum
543 2403 711 2464 esset
773 2402 887 2463 aut
946 2399 1017 2461 in
1071 2399 1357 2483 praemio
1412 2398 1672 2463 virtutis
1719 2400 1833 2462 aut
1888 2398 1960 2462 in
2004 2398 2118 2463 ho-

205 2509 364 2553 nore
409 2488 775 2553 verborum:
821 2486 886 2552 id
933 2508 1011 2551 ex
1046 2487 1189 2570 ipso
1228 2489 1490 2552 senatus
1537 2488 1831 2552 consulto
1874 2487 2120 2571 poteris

206 2597 619 2663 cognoscere3
671 2578 766 2641 ita
821 2575 992 2640 enim
1038 2579 1136 2640 est
1181 2575 1634 2661 perscriptum,
1688 2579 1762 2639 ut
1807 2597 1845 2640 a
1890 2591 1992 2639 me
2039 2576 2116 2640 de

206 2667 444 2750 scripto
492 2666 664 2730 dicta
709 2663 1032 2729 sententia
1076 2668 1201 2748 est,
1257 2685 1450 2748 quam
1506 2667 1767 2729 senatus
1811 2664 2118 2750 frequens

150 2799 169 2840 ,⁴
206 2759 461 2820 secutus
508 2757 608 2818 est
635 2774 885 2819 summo
925 2753 1137 2818 studio
1167 2774 1532 2838 magnoque
1561 2769 1896 2818 consensu.
1969 2751 2114 2838 Ego

206 2865 595 2927 quamquam
640 2865 718 2907 ex
760 2842 890 2918 tuis
934 2842 1196 2925 litteris,
1251 2863 1410 2926 quas
1465 2841 1625 2906 mihi
1670 2837 1930 2923 misisti,
1975 2863 2114 2925 per-

205 2954 535 3016 spexeram
570 2935 635 2996 te
673 2931 880 3016 magis
908 2931 1143 2995 iudicio
1173 2930 1492 2996 bonorum
1521 2952 1715 3014 quam
1750 2930 2116 3015 insignibus

343 3123 445 3192 Ep.
489 3130 570 3190 12,
609 3130 658 3179 5.
730 3124 939 3194 alm-iae
984 3124 1258 3178 collectam
1301 3124 1456 3178 inan
1506 3122 1627 3192 (Lm)
1726 3123 1798 3192 91.
1844 3122 2144 3190 collectam,

202 3208 269 3245 ex
305 3194 461 3247 inan.
519 3194 599 3260 (L.
603 3198 662 3263 γε)
787 3196 850 3261 1.,
888 3196 1126 3250 conlecta
1168 3196 1325 3249 imm.
1381 3193 1511 3247 ΜΒ.
1568 3224 1635 3235 --
1692 3194 2001 3262 cmnpleoews
2043 3209 2116 3259 es,

202 3268 345 3316 tene.-
371 3265 516 3330 perf.
557 3265 697 3332 (M2,
776 3268 921 3334 rat..)
997 3266 1294 3335 conplexus
1329 3281 1358 3319 e
1398 3267 1545 3332 (cum
1582 3280 1793 3330 rasura,
1830 3263 2013 3331 unius,
2048 3266 2118 3318 ut

200 3332 424 3454 {pinon
484 3307 730 3403 litterae)
781 3341 898 3391 tene
963 3283 1135 3404 (unap
1139 3335 1334 3391 littera
1389 3337 1521 3405 post
1575 3339 1693 3390 tene
1741 3336 1921 3404 erasa)
1962 3334 2112 3403 perf.

277 3408 303 3454 1
397 3418 439 3454 c
477 3407 638 3470 tenes,
665 3405 810 3472 perf.
850 3407 966 3474 Or„
1007 3407 1068 3461 Β.
1168 3407 1484 3477 Ep.13,1.
1550 3407 1796 3475 primum
1829 3403 1967 3459 mihi
1997 3410 2109 3473 pot.

203 3469 390 3537 (index
425 3471 539 3540 Μ).
601 3490 695 3541 pr.
726 3492 786 3545 p.
823 3476 917 3544 M„
953 3478 1141 3551 vulgo.
