2338 3691
237 125 363 188 328
801 124 876 179 M.
915 124 1163 179 TULLII
1202 123 1583 180 CICERONIS

236 270 576 337 obliviscar
621 270 900 333 maxima
946 291 1021 334 ac
1067 270 1346 355 plurima
1391 291 1491 335 me
1546 271 1667 335 tibi
1714 270 1962 336 debere.
2051 271 2151 337 De

233 359 336 425 his
399 359 590 423 rebus
655 363 729 422 ut
791 359 1076 444 exigeret
1139 380 1283 423 eum
1350 380 1452 442 eo,
1514 357 1757 425 Furnio
1823 360 2152 425 mandavi:

235 447 406 532 quod
453 448 525 533 si,
571 451 883 532 quantam
929 447 1148 531 debeo,
1193 448 1480 513 habuero
1529 450 1698 532 apud
1742 471 1888 514 eum
1935 453 2177 515 aucto-⁴

164 550 203 598 8·
233 537 518 620 ritatem,
563 537 912 620 plurimum
966 537 1177 621 ipsum
1223 537 1461 602 iuvem.
1551 536 1690 603 Nos
1735 538 1983 603 interea
2039 538 2151 604 du-

233 626 401 690 riore
438 626 813 691 condicione
850 627 1091 690 bellum
1129 627 1538 710 sustinemuS,
1584 627 1755 711 quod
1792 649 2000 712 neque
2049 649 2152 692 ex·

233 713 698 799 peditissimam
758 715 1235 781 dimicationem
1299 718 1602 800 putamus
1659 737 1867 800 neque
1931 719 2153 781 tamen

234 803 612 888 refugiendo
669 804 1070 869 commissuri
1117 826 1336 869 sumus
1346 855 1365 889 ,
1419 807 1494 870 ut
1546 805 1754 870 maius
1809 805 2152 872 detrimen-

234 895 374 956 tum
419 914 521 958 res
567 893 826 977 publica
873 894 1157 977 accipere
1205 893 1427 978 possit.
1504 892 1690 969 Quod
1736 893 1789 958 si
1836 898 1951 959 aut
1996 892 2152 960 Cae-

237 1003 343 1046 sar
406 1003 474 1046 se
529 983 879 1066 respexerit
943 984 1057 1047 aut
1109 979 1457 1046 Africanae
1511 983 1799 1068 legiones
1864 984 2154 1048 celeriter

235 1071 549 1156 venerint,
595 1092 852 1136 securos
899 1093 1013 1136 vos
1062 1070 1143 1134 ab
1189 1071 1313 1136 hac
1357 1075 1542 1156 parte
1586 1071 1943 1137 reddemus.
2036 1072 2155 1156 Tu,

235 1164 309 1225 ut
351 1160 708 1244 instituisti,
754 1182 857 1226 me
904 1160 1134 1244 diligas
1172 1181 1333 1246 rogo
1372 1160 1753 1246 proprieque
1789 1164 1976 1226 tuum
2014 1182 2153 1226 esse

234 1249 354 1313 tibi
398 1249 805 1334 persuadeas.
896 1271 953 1316 v.
998 1248 1141 1313 Kal.
1190 1247 1359 1314 Sext.
1407 1270 1485 1314 ex
1529 1250 1773 1314 castris

1083 1443 1293 1510 XXV.

421 1554 535 1613 Scr.
577 1558 788 1613 Romae
823 1573 1012 1612 mense
1048 1557 1200 1612 Maio
1240 1558 1393 1624 (ante
1431 1556 1533 1626 Id.)
1572 1573 1623 1612 a.
1659 1576 1714 1613 u.
1752 1575 1799 1614 c.
1841 1564 1958 1612 711.

794 1681 1050 1738 CICERO
1092 1681 1146 1737 S.
1184 1682 1250 1737 D.
1288 1679 1583 1738 FURNIO.

165 1797 195 1847 1
371 1780 439 1847 Si
501 1782 797 1867 interest,
858 1782 924 1848 id
991 1783 1161 1867 quod
1221 1783 1515 1850 homines
1572 1782 1994 1868 arbitrantur,
2059 1784 2152 1849 rei

235 1872 529 1956 publicae
573 1875 658 1957 te,
703 1876 777 1937 ut
819 1872 1160 1938 instituisti
1207 1876 1399 1957 atque
1444 1872 1673 1957 fecisti,
1716 1893 1955 1937 navare
2002 1894 2148 1958 ope-

235 1982 374 2024 ram
417 1962 735 2045 rebusque
781 1962 1094 2047 maximiS,
1141 1983 1304 2046 quae
1342 1962 1423 2026 ad
1461 1961 1961 2046 exstinguendas
2005 1963 2149 2027 reli-

237 2050 420 2133 quias
481 2050 635 2114 belli
697 2051 1053 2135 pertinent,
1112 2051 1452 2136 interesse,
1515 2051 1676 2114 nihil
1732 2049 1965 2115 videris
2019 2073 2148 2116 me-

234 2139 358 2202 lius
404 2160 611 2222 neque
647 2139 1034 2204 laudabilius
1080 2160 1287 2224 neque
1324 2140 1661 2205 honestius
1704 2138 1916 2204 facere
1959 2161 2148 2224 posse

234 2228 552 2311 istamque
600 2250 862 2319 operam
906 2232 1105 2313 tuam,
1148 2229 1521 2313 navitatem,
1566 2228 1852 2293 animum
1898 2229 1968 2292 in
2011 2251 2148 2293 rem

235 2316 559 2419 publicam
614 2308 928 2382 celeritati
981 2321 1320 2402 praeturae
1386 2318 1839 2402 anteponenda
1893 2338 2148 2400 cense03

234 2406 388 2470 nolo
427 2406 599 2470 enim
644 2410 709 2472 te
753 2406 1073 2492 ignorare,
1119 2410 1430 2491 quantam
1466 2406 1720 2471 laudem
1767 2410 2147 2472 consecutus

136 2563 142 2569 ,
237 2516 350 2578 818,
419 2495 580 2560 mihi
643 2496 856 2580 crede,
925 2495 1285 2579 proximam
1346 2494 1588 2561 Planco
1604 2546 1621 2579 ,
1691 2494 1881 2578 idque
1944 2494 2146 2580 ipsius

233 2582 459 2648 Planci
499 2584 890 2668 testimonio,
932 2587 1267 2668 praeterea
1310 2583 1487 2648 fama
1523 2584 1970 2668 sententiaque
2017 2605 2146 2649 om-

166 2684 198 2735 2
235 2673 433 2738 nium.
524 2672 955 2748 Quamobrem
1009 2672 1065 2737 si
1111 2672 1264 2757 quid
1312 2673 1523 2758 operis
1567 2672 1689 2737 tibi
1735 2672 1929 2737 etiam
1975 2693 2147 2736 nunc

234 2764 454 2848 restat,
488 2761 556 2826 id
593 2762 870 2826 maximo
910 2781 1101 2846 opere
1139 2782 1369 2827 censeo
1406 2761 1949 2846 persequendum3
1995 2761 2146 2845 quid

236 2851 410 2916 enim
462 2850 798 2917 honestius
863 2853 978 2914 aut
1033 2850 1186 2934 quid
1248 2850 1524 2916 honesto
1581 2848 2145 2935 anteponendum?

236 2940 339 3003 sin
385 2943 601 3005 autem
647 2938 1051 3004 satisfactum
1102 2939 1198 3003 rei
1251 2938 1544 3023 publicae
1598 2942 1791 3024 putas
1799 2989 1817 3024 ,
1862 2938 2147 3004 celeriter

222 3028 318 3091 ad
375 3029 661 3112 comitia,
720 3028 1026 3112 quoniam
1079 3031 1330 3093 mature
1384 3028 1605 3093 futura
1660 3030 1838 3113 sunt,
1889 3027 2145 3093 venien-

240 3114 390 3177 dum
454 3138 710 3201 censeo,
774 3117 927 3181 dum
988 3116 1182 3182 modo
1243 3138 1325 3183 ne
1382 3117 1535 3202 quid
1587 3117 1749 3181 haec
1809 3116 2145 3181 ambitiosa

379 3338 483 3408 Ep.
522 3346 684 3406 25,1.
759 3345 1139 3412 anteponenda
1174 3345 1294 3415 (ΒΗ)
1387 3345 1822 3414 anteponendum
1868 3343 2009 3413 (cdd.
2047 3341 2144 3397 811·

239 3409 437 3475 qnot)?
527 3416 958 3478 anteponendam
1013 3416 1115 3485 M.,
1154 3416 1342 3487 vulgo.
1400 3447 1467 3457 —
1523 3417 1890 3486 sententiaque
1940 3415 2143 3483 (Manu)

236 3478 420 3531 scient
458 3479 531 3532 M.
537 3482 773 3551 ‚.vulgo
