2338 3691
272 132 401 196 512
837 130 911 183 n.
949 105 1200 185 TULLII
1237 129 1618 185 memoras

271 273 749 361 philosophiam
795 274 875 338 ad
931 278 996 338 te
1053 275 1355 360 allegem,
1411 296 1539 358 qua
1593 295 1713 339 nec
1768 274 1926 339 mihi
1982 275 2197 341 carior

272 365 406 429 ulla
451 384 756 447 umquam
799 383 901 427 res
946 363 1018 426 in
1060 364 1197 427 vita
1240 362 1368 427 fuit
1410 384 1531 427 nec
1576 362 1914 429 hominum
1968 365 2194 448 generi

272 452 479 517 maius
525 472 565 514 a
610 450 744 514 deis
791 472 1025 516 munus
1070 452 1277 515 ullum
1321 453 1422 515 est
1466 451 1714 516 datum:
1767 450 1929 516 haec
1972 452 2194 537 igitur,

273 561 435 623 quae
482 538 641 603 mihi
685 542 900 603 tecum
946 539 1303 604 communis
1347 542 1463 624 est,
1508 540 1781 605 societas
1828 540 2193 606 studiorum

272 634 464 710 atque
521 627 758 691 artium
810 630 1208 712 nostrarum,
1272 627 1504 710 quibus
1564 650 1604 692 a
1656 628 1935 711 pueritia
1987 627 2192 693 dediti

273 736 348 779 ac
394 714 674 779 devincti
721 715 840 780 soli
884 715 1350 800 propemodum
1397 736 1517 781 nos
1557 715 2038 801 philosophiam
2084 738 2190 782 ve·

271 825 411 867 ram
456 803 635 867 illam
680 806 745 866 et
799 804 1158 888 antiquam,
1215 824 1377 887 quae
1434 803 1817 887 quibusdam
1877 804 1993 869 otii
2049 825 2188 869 esse

272 914 348 956 ac
393 891 672 955 desidiae
718 891 997 976 videtur,
1050 892 1122 955 in
1173 891 1389 956 forum
1434 895 1626 975 atque
1681 891 1753 955 in
1797 913 1934 956 rem
1977 893 2187 978 publi·

271 1001 414 1048 cam
460 983 652 1063 atque
697 980 769 1043 in
804 980 1012 1063 ipsam
1050 980 1252 1044 aciem
1287 1001 1492 1064 paene
1534 980 1928 1064 deduximus,
1972 984 2188 1045 tecum

270 1068 411 1153 agit
465 1068 544 1132 de
599 1089 743 1133 mea
795 1068 1011 1151 laude,
1074 1068 1177 1132 cui
1230 1068 1456 1153 negari
1516 1090 1556 1132 a
1600 1064 1845 1133 Catone
1899 1068 2000 1134 fas
2047 1090 2186 1132 esse

271 1177 407 1222 non
450 1159 630 1241 puto.
719 1154 1150 1231 Quamobrem
1205 1156 1325 1220 tibi
1380 1157 1471 1221 sic
1526 1155 1911 1240 persuadeas
1966 1157 2185 1221 velim:

271 1245 327 1309 si
371 1244 530 1309 mihi
575 1249 689 1308 tua
753 1244 1075 1308 sententia
1136 1244 1416 1308 tributus
1470 1243 1679 1309 honos
1737 1266 1814 1309 ex
1867 1244 2026 1308 meis
2081 1244 2185 1308 lit-

269 1333 427 1398 teris
463 1333 678 1416 fuerit,
722 1354 823 1396 me
862 1333 951 1397 sic
991 1332 1520 1416 existimaturum,
1567 1354 1764 1416 quum
1801 1332 2184 1397 auctoritate

268 1424 401 1503 tua,
446 1423 585 1485 tum
630 1420 1081 1485 benevolentia
1125 1442 1281 1506 erga
1325 1442 1427 1485 me
1469 1420 1648 1505 mihi,
1692 1419 1863 1504 quod
1908 1420 2184 1485 maxime

272 1508 597 1594 cupierim,
642 1509 1008 1594 contigisse.

1191 1700 1272 1767 V.

343 1813 455 1869 Scr.
495 1813 707 1869 Romae
742 1814 891 1870 inter
925 1814 1070 1869 Non.
1108 1813 1244 1869 Mai.
1281 1815 1340 1869 et
1374 1813 1519 1869 Non.
1557 1814 1675 1869 Iun.
1714 1829 1764 1869 a.
1802 1831 1858 1870 u.
1893 1828 1945 1872 c,
1981 1819 2099 1869 704.

636 1938 711 1991 Μ.
749 1937 938 1992 CATO
979 1938 1032 1993 S.
1070 1938 1137 1992 D.
1175 1937 1250 1991 M.
1289 1936 1630 1991 CICERONI
1667 1936 1813 1991 IMP.

202 2056 230 2104 1
401 2035 588 2111 Quod
633 2040 700 2101 et
742 2057 844 2101 res
888 2037 1148 2120 publica
1191 2057 1294 2102 me
1340 2040 1408 2101 et
1441 2040 1666 2102 nostra
1706 2036 1990 2102 amicitia
2033 2036 2183 2102 hor-

269 2127 462 2206 tatur,
505 2124 783 2189 libenter
819 2124 1008 2208 facio,
1043 2128 1118 2189 ut
1153 2128 1335 2189 tuam
1368 2125 1691 2207 virtutem,
1726 2125 2183 2208 innocentiam,

270 2212 700 2297 diligentiam,
754 2213 1084 2296 cognitam
1136 2214 1209 2277 in
1261 2213 1555 2277 maximis
1608 2213 1799 2277 rebus
1855 2213 2028 2277 domi
2081 2216 2180 2278 to-

270 2301 434 2385 gati,
490 2300 721 2368 armati
773 2300 933 2366 foris
977 2301 1119 2384 pari
1163 2301 1483 2366 industria
1537 2300 1971 2366 administrari
2026 2322 2181 2386 gau·

268 2388 480 2453 deam:
535 2389 780 2473 itaque,
834 2388 1006 2473 quod
1060 2411 1178 2472 pro
1234 2411 1377 2454 meo
1434 2388 1667 2454 iudicio
1723 2388 1933 2454 facere
1977 2390 2182 2473 potui,

268 2478 342 2540 ut
385 2477 756 2541 innocentia
801 2476 1195 2562 consilioque
1240 2481 1353 2542 tuo
1393 2477 1722 2542 defensam
1765 2476 2181 2561 provinciam,

269 2567 593 2629 servatum
638 2564 1093 2630 Ariobarzanis
1149 2586 1296 2629 cum
1348 2566 1490 2648 ipso
1537 2586 1688 2665 rege
1734 2585 2033 2649 regnum,
2079 2586 2178 2629 so—

268 2651 513 2717 ciorum
557 2657 924 2718 revocatam
960 2652 1042 2717 ad
1087 2653 1373 2717 studium
1417 2653 1669 2739 imperii
1705 2652 1912 2717 nostri
1956 2654 2179 2718 volun·

266 2742 470 2804 tatem
534 2742 856 2806 sententia
927 2762 1071 2805 mea
1143 2743 1210 2804 et
1282 2741 1536 2806 decreto
1609 2740 1968 2823 laudarem,
2037 2740 2181 2804 feci.

194 2839 229 2889 2
269 2826 819 2913 supplicationem
883 2829 1232 2913 decretam,
1296 2829 1350 2893 si
1413 2833 1486 2893 tu
1498 2879 1517 2913 ,
1580 2851 1709 2913 qua
1769 2829 1841 2893 in
1893 2850 1961 2892 re
2015 2827 2180 2892 nihil
2303 2860 2306 2919 j

264 2916 566 3001 fortuito,
621 2917 732 2982 sed
779 2939 1029 2982 summa
1072 2919 1189 2982 tua
1233 2916 1484 2982 ratione
1531 2920 1597 2982 et
1642 2916 2044 2982 continentia
2085 2917 2180 2980 rei
2303 2922 2304 2961 ἓ

264 3004 557 3087 publicae
612 3005 941 3089 provisum
994 3008 1119 3088 est,
1185 3004 1282 3070 dis
1336 3004 1809 3070 immortalibus
1868 3004 2179 3090 gratulari

265 3110 386 3155 nos
451 3114 644 3175 quam
707 3093 827 3156 tibi
890 3092 1127 3157 referre
1194 3096 1527 3176 acceptum
1600 3092 1804 3158 mavis
1811 3142 1831 3177 ,
1903 3092 2177 3178 gaudeo:

405 3312 521 3448 (pv
546 3320 684 3383 5,1.
757 3317 932 3387 diziq„
985 3332 1135 3386 σορκ.
1186 3318 1252 3372 in
1295 3334 1363 3373 m.
1409 3318 1569 3372 rebus
1612 3318 1761 3373 domi
1814 3321 1881 3384 t„
1929 3334 1982 3373 α.
2036 3317 2174 3384 foris

255 3357 744 3523 exsuffla.
794 3357 1218 3513 detumet
1220 3388 1327 3512 0:3¹
1364 3392 1510 3526 aasz·
1544 3388 1620 3512 fi:
1602 3403 1708 3458 ²⁰
1747 3386 2041 3458 ”²¹2‘2-
1975 3387 2170 3442 ·-·⁰⁶
