2338 3691
670 154 1191 210 EPISTOLARUM
1226 155 1347 210 XII.
1390 161 1471 209 15.
1513 161 1595 210 16.
1957 153 2095 217 399

174 322 371 384 quam
406 322 525 384 pro
562 302 787 368 nostro
825 300 1167 366 veterrimo
1204 300 1662 384 verissimoque
1700 321 1917 366 amore
1954 322 2102 366 om·-

171 388 366 453 nibus
393 388 524 453 tuis
554 389 750 454 etiam
784 389 1067 454 minimis
1104 389 1473 474 commodis,
1510 410 1646 454 non
1673 390 1864 455 modo
1901 392 2102 454 tanto*

174 477 348 542 bono
407 478 742 562 gaudeam.
839 476 995 543 Noli
1046 482 1303 563 putare,
1355 478 1446 542 mi
1502 476 1750 563 Cicero,
1803 499 1907 543 me
1964 478 2105 543 hoc-

173 566 438 630 auribus
483 567 615 631 tuis
661 567 840 631 dare:
883 567 1050 632 nihil
1095 567 1501 633 adolescente
1545 571 1659 633 tuo
1698 570 1892 652 atque
1929 566 2106 631 adeo-

173 657 401 720 nostro
432 690 516 702 ·——
544 654 709 720 nihil
736 656 907 720 enim
937 655 1096 720 mihi
1134 678 1173 720 a
1200 658 1266 720 te
1300 659 1518 741 potest
1554 678 1692 721 esse
1730 656 2108 725 seiunctum?

175 779 263 790 ——
311 747 424 808 aut
478 744 816 809 amabilius
882 744 1182 810 omnibus
1244 745 1352 824 iis,
1417 745 1528 829 qui
1578 743 1858 811 Athenis
1919 747 2091 828 sunt,

173 834 278 897 est
321 837 436 898 aut
480 833 828 898 studiosius
883 855 1105 899 earum
1158 834 1420 919 artium,
1474 856 1633 918 quas
1687 838 1761 899 tu
1815 834 2110 898 maxime-

175 943 377 1007 amaS‚
419 921 546 987 hoc
593 925 691 987 est
745 922 1152 1007 optimarum.
1241 921 1469 1007 Itaque
1522 923 1670 1008 tibi,
1728 923 1899 1007 quod
1943 943 2112 987 vere=

171 1010 389 1075 facere
433 1032 716 1096 possum,
759 1011 1038 1077 libenter
1084 1033 1337 1095 quoque
1379 1011 1672 1098 gratulor
1714 1033 1833 1076 nec
1879 1012 2111 1075 minus.

176 1099 375 1164 etiam
419 1100 629 1185 nobis,
675 1100 845 1184 quod
892 1121 1056 1185 eum,
1102 1121 1292 1185 quem
1336 1121 1596 1165 necesse
1634 1104 1774 1165 erat
1810 1100 2111 1186 diligere,‚

176 1189 660 1273 qualiscumque
695 1193 883 1274 esset,
917 1190 1117 1254 talem
1150 1189 1483 1267 habemuS,
1517 1192 1592 1253 ut
1625 1189 1901 1255 libenter
1937 1210 2093 1273 quo-

177 1299 304 1362 que
360 1277 720 1364 diligamus,
819 1240 942 1354 Q'ui
998 1300 1196 1362 quum
1249 1278 1411 1344 mihi
1462 1278 1535 1343 in
1589 1300 1881 1344 sermone
1933 1278 2092 1342 inie·
2129 1288 2181 1345 2⁶.

177 1367 376 1431 cisset
429 1388 497 1432 se
551 1367 713 1432 velle
757 1365 985 1432 Asiam
1029 1367 1262 1452 visere,
1324 1387 1460 1432 non
1513 1367 1705 1433 modo
1763 1367 2094 1451 invitatus,

178 1454 293 1520 sed
328 1455 526 1520 etiam
561 1457 827 1541 rogatus
865 1459 964 1520 est
1000 1478 1038 1519 a
1076 1478 1199 1540 me,
1243 1458 1319 1520 111
1351 1456 1418 1520 id
1454 1457 1864 1541 potissimum
1902 1456 2092 1522 nobis

178 1544 625 1609 obtinentibus
670 1545 1070 1629 provinciam
1113 1544 1382 1628 faceret3
1428 1545 1531 1609 cui
1566 1567 1688 1610 nos
1727 1549 1792 1610 et
1828 1545 2093 1610 caritate
2223 1602 2224 1605 ,

180 1636 249 1696 et
294 1655 510 1699 amore
554 1637 739 1698 tuum
786 1634 1070 1699 officium
1102 1636 1543 1718 praestaturos
1579 1655 1716 1707 non
1753 1634 1945 1699 debes
1982 1633 2093 1697 du—

182 1721 407 1786 bitare.
478 1721 648 1787 Illud
685 1744 937 1807 quoque
983 1722 1106 1786 erit
1148 1722 1339 1787 nobis
1378 1743 1586 1808 curae,
1630 1726 1705 1787 ut
1749 1721 2094 1806 Cratippus

184 1832 318 1875 una
363 1833 506 1876 cum
551 1833 627 1877 eo
675 1813 785 1889 sit,
838 1833 921 1877 ne
975 1814 1162 1897 putes
1219 1811 1293 1877 in
1343 1809 1505 1884 Asia
1556 1811 1859 1877 feriatum
1912 1812 2096 1876 illum

182 1900 268 1963 ab
314 1899 394 1965 iis
449 1900 703 1984 studiis,
755 1901 828 1966 in
886 1922 1050 1984 quae
1101 1904 1218 1965 tua
1271 1900 1716 1966 cohortatione
1770 1902 2095 1985 incitatur,

179 1988 501 2073 futurum3
554 2012 709 2054 nam
761 1989 945 2054 illum
989 1993 1315 2074 paratum,
1367 1992 1442 2053 ut
1485 1989 1699 2074 video,
1744 1994 1810 2054 et
1849 1990 2094 2076 ingres-

185 2099 331 2142 sum
374 2078 567 2162 pleno
614 2078 820 2165 gradu
865 2077 1191 2143 cohortari
1234 2099 1371 2149 non
1405 2079 1922 2163 intermittemus,
1968 2099 2094 2161 quo

181 2167 257 2230 in
303 2165 436 2231 dies
489 2167 748 2252 longius
795 2167 1097 2232 discendo
1135 2166 1613 2250 exercendoque
1658 2189 1726 2232 se
1770 2166 2095 2251 procedat.

182 2254 325 2319 Vos
371 2255 525 2339 quid
569 2256 846 2341 ageretis
890 2256 961 2320 in
1005 2277 1074 2319 re
1119 2255 1396 2341 publica,
1442 2255 1640 2339 quum
1682 2256 1801 2321 has
1845 2256 2095 2320 litteras
2131 2273 2182 2326 a

187 2341 439 2427 dabam,
476 2366 610 2410 non
638 2344 942 2409 sciebam:
990 2343 1328 2409 audiebam
1358 2344 1673 2428 quaedam
1707 2344 2097 2429 turbulenta,

185 2452 353 2515 quae
400 2432 642 2497 scilicet
686 2433 875 2517 cupio
930 2454 1068 2497 esse
1111 2433 1306 2517 falsa,
1358 2435 1434 2497 111
1487 2431 1833 2516 aliquando
1889 2433 2097 2498 otiosa

183 2521 484 2587 libertate
547 2522 867 2605 fruamur3
939 2521 1110 2605 quod
1172 2522 1276 2585 vel
1337 2519 1601 2585 minime
1664 2521 1825 2586 mihi
1888 2521 2097 2585 adhuc

186 2609 480 2695 contigit.
568 2609 714 2695 Ego
759 2613 981 2674 tamen
1023 2612 1255 2674 nactus
1297 2609 1369 2684 in
1412 2609 1828 2695 navigatione
1872 2612 2098 2674 nostra

186 2698 494 2782 pusillum
538 2699 889 2764 laxamenti
934 2698 1318 2764 concinnavi
1359 2698 1481 2763 tibi
1524 2699 1975 2764 munusculum
2019 2718 2098 2765 ex

184 2787 488 2853 instituto
533 2809 698 2873 meo,
742 2790 809 2851 et
852 2787 1093 2852 dictum
1131 2807 1278 2852 cum
1313 2786 1552 2873 mag'no
1588 2789 1813 2853 nostro
1850 2786 2108 2852 honore*

184 2898 226 2940 a
262 2879 330 2940 te
368 2875 608 2941 dictum
645 2876 931 2941 conclusi
967 2879 1032 2941 et
1065 2875 1188 2941 tibi
1223 2876 1396 2948 infra
1432 2876 1805 2960 subscripsi.
1849 2875 1921 2939 in
1962 2874 2100 2958 qui·

182 2966 310 3029 bus
363 2964 692 3030 versiculis
756 2964 811 3030 si
863 2964 985 3029 tibi
1037 2963 1423 3048 quibusdam
1483 2965 1697 3030 verbis
1753 2957 2099 3044 εὐθυρρη-

183 3051 589 3135 μονέστερος
614 3053 899 3139 videbor,
923 3053 1257 3137 turpitudo
1284 3074 1598 3138 personae
1627 3053 1781 3137 eius,
1806 3052 1877 3117 in
1906 3074 2099 3138 quam

181 3140 452 3206 liberius
504 3142 895 3228 invehimur,
946 3164 1067 3208 nos
1121 3142 1498 3227 vindicabit3
1550 3142 1848 3228 ignosces
1902 3143 2100 3208 etiam

181 3229 557 3295 iracundiae
609 3235 898 3317 nostrae,
952 3252 1113 3315 quae
1166 3231 1340 3302 iusta
1393 3233 1493 3295 est
1542 3230 1617 3301 in
1670 3231 1982 3296 eiusmodi
2034 3234 2108 3296 et.

181 3319 484 3384 homines
549 3322 615 3384 01
675 3320 873 3405 cives;
931 3319 1159 3385 deinde
1225 3319 1336 3403 qui
1400 3319 1609 3405 magis
1671 3318 1796 3385 hoc
1850 3318 2106 3383 Lucilio,

183 3408 444 3474 licuerit
513 3430 835 3474 assumere
905 3408 1226 3476 libertatis
1298 3430 1493 3492 quam
1563 3407 1799 3473 nobis?
1885 3428 2107 3490 quum,‚

183 3497 445 3563 etiamsi
490 3498 636 3566 odio
683 3500 825 3584 pari
869 3497 1066 3563 fuerit
1107 3497 1180 3564 in
1225 3518 1366 3583 008,
1409 3517 1576 3581 quos
1613 3495 1827 3575 laesit,
1878 3498 2102 3556 tamen
