2338 3691
227 129 358 192 370
792 125 865 179 M.
905 125 1152 180 TULLII
1193 124 1573 181 CICERONIS

225 296 397 358 nam,
442 293 642 357 quum
675 271 748 335 in
775 270 1213 335 Tusculanum
1250 272 1499 356 vesperi
1534 271 1871 354 venissem,
1908 273 2147 356 postri-

227 362 328 428 die
371 363 480 427 ille
526 359 610 425 ad
652 381 784 444 me,
835 359 1127 424 nondum
1175 361 1331 425 satis
1386 361 1572 425 firmo
1621 382 1888 445 corpore
1943 383 2148 445 quum

225 455 421 536 esset,
464 470 653 514 mane
708 448 912 532 venit3
973 470 1164 533 quem
1220 470 1418 533 quum
1475 450 1909 535 obiurgarem,
1970 450 2149 533 quod

224 562 457 625 parum
499 537 852 603 valetudini
897 541 1215 622 parceret,
1260 542 1400 602 tum
1443 539 1580 622 ille,
1624 538 1790 603 nihil
1835 539 1957 603 sibi
2003 540 2148 604 lon·

226 629 372 715 gius
415 627 643 711 fuisse,
700 648 895 710 quam
950 630 1025 691 ut
1069 648 1173 691 me
1218 627 1476 692 videret.
1565 626 2149 712 „Numquidnam“,

225 719 512 803 inquam,
554 713 833 801 „novi‘?“
892 714 1145 780 Detulit
1183 715 1265 779 ad
1303 738 1403 780 me
1450 718 1775 801 querelam
1816 720 2018 801 tuam,
2066 716 2149 780 de

157 827 189 876 2
228 829 357 891 qua
399 806 774 890 priusquam
818 804 1197 889 respondeo,
1241 827 1449 888 pauca
1485 799 1862 890 proponam.
1927 804 2147 881 Quan-

227 899 368 960 tum
412 893 722 959 memoria
764 897 1052 977 repetere
1096 895 1445 978 praeterita
1482 916 1764 979 possum,
1809 916 2000 959 nemo
2044 897 2151 958 est

227 984 387 1049 mihi
440 987 505 1048 te
560 982 802 1048 amicus
849 982 1201 1066 antiquior3
1266 983 1376 1047 sed
1441 987 1727 1048 vetustas
1782 982 1983 1048 habet
2029 983 2147 1047 ali-

229 1073 383 1157 quid
428 1092 767 1138 commune
813 1092 960 1135 cum
1005 1071 1246 1155 multis,
1292 1094 1474 1139 amor
1507 1093 1644 1138 non
1679 1073 1903 1137 habet:
1949 1071 2150 1136 dilexi

227 1166 320 1246 te,
374 1184 501 1247 quo
557 1161 658 1225 die
714 1160 1016 1245 cognovi,
1080 1182 1309 1243 meque
1364 1183 1404 1224 a
1463 1165 1530 1225 te
1594 1161 1776 1246 diligi
1838 1161 2151 1244 iudicavi3

227 1255 379 1316 tuus
407 1250 636 1315 deinde
665 1249 980 1313 discessus
1007 1249 1190 1332 isque
1218 1248 1577 1334 diuturnus,
1613 1250 1879 1315 ambitio
1917 1254 2151 1314 nostra

230 1345 297 1405 et
339 1341 511 1405 vitae
557 1337 1006 1403 dissimilitudo
1053 1360 1189 1403 non
1235 1341 1335 1403 est
1378 1361 1570 1423 passa
1614 1340 1982 1404 voluntates
2029 1361 2149 1403 no-

231 1433 398 1495 stras
445 1426 908 1494 consuetudine
955 1427 1417 1511 conglutinari;
1475 1431 1662 1493 tuum
1713 1431 1935 1494 tamen
1989 1449 2151 1513 erga

230 1541 332 1583 me
379 1518 666 1582 animum
703 1515 940 1601 agnovi
976 1516 1198 1580 multis
1236 1517 1425 1581 annis
1472 1521 1623 1581 ante
1659 1517 1900 1582 bellum
1941 1517 2151 1600 civile,

233 1629 430 1690 quum
477 1605 712 1672 Caesar
757 1608 926 1669 esset
968 1604 1038 1669 in
1085 1603 1295 1669 Gallia
1309 1604 1332 1688 3⁴
1371 1606 1542 1689 quod
1589 1606 1761 1670 enim
1805 1604 2149 1670 vehemen-

231 1699 333 1760 ter
376 1695 535 1759 mihi
596 1694 754 1759 utile
818 1714 957 1758 esse
1002 1694 1280 1777 putabas
1344 1715 1464 1759 nec
1525 1694 1754 1759 inutile
1807 1694 1933 1779 ipsi
1989 1691 2147 1759 Cae-

234 1785 380 1868 sari,
423 1783 766 1868 perfecisti,
810 1786 883 1848 ut
907 1781 1034 1845 ille
1080 1804 1183 1847 me
1230 1781 1544 1869 diligeret,
1580 1784 1834 1867 coleret,
1876 1783 2150 1848 haberet

232 1874 304 1937 in
350 1873 499 1938 suis.
570 1872 780 1936 Multa
825 1874 1176 1955 praetereo,
1221 1893 1384 1955 quae
1430 1873 1828 1957 temporibus
1873 1873 2002 1937 illis
2047 1873 2146 1936 in-

231 1966 333 2027 ter
377 1983 496 2026 nos
549 1961 1044 2025 familiarissime
1101 1961 1300 2044 dieta,
1355 1962 1619 2046 scripta,
1674 1961 2150 2027 communicata

165 2071 195 2119 3
236 2054 414 2133 sunt3
460 2050 759 2135 graviora
804 2050 976 2114 enim
1021 2053 1366 2115 consecuta
1402 2054 1571 2115 sunt.
1642 2050 1733 2115 Et
1766 2050 1954 2115 initio
1991 2050 2146 2114 belli

235 2139 457 2223 civilis,
501 2161 699 2223 quum
743 2138 1159 2203 Brundisium
1212 2160 1433 2203 versus
1487 2140 1613 2204 ires
1660 2140 1741 2204 ad
1787 2137 2148 2223 Caesarem,

235 2228 469 2293 venisti
523 2228 604 2292 ad
658 2248 760 2292 me
812 2227 884 2291 in
936 2226 1377 2292 Formianum:
1441 2228 1719 2311 primum
1762 2228 1888 2293 hoc
1930 2228 2146 2312 ipsum

237 2318 481 2401 quanti,
525 2316 901 2401 praesertim
945 2317 1343 2399 temporibus
1388 2317 1539 2380 illis!
1596 2317 1823 2381 deinde
1871 2316 2147 2381 oblitum

236 2428 338 2471 me
384 2409 575 2490 putas
623 2405 893 2489 consilii,
941 2406 1272 2488 sermoniS,
1315 2406 1739 2470 humanitatis
1766 2403 1962 2469 tuae?
2009 2406 2146 2491 qui-

237 2496 358 2560 bus
404 2495 595 2560 rebus
648 2495 958 2559 interesse
1013 2493 1276 2558 memini
1323 2494 1711 2560 Trebatium.
1809 2492 1947 2559 Nec
1991 2516 2144 2560 vero

238 2607 382 2649 sum
427 2584 664 2649 oblitus
708 2583 1069 2647 litterarum
1112 2584 1389 2666 tuarum,
1435 2605 1593 2666 quas
1640 2583 1720 2647 ad
1758 2603 1859 2647 me
1894 2583 2147 2668 misisti,

239 2696 436 2758 quum
478 2670 737 2737 Caesari
782 2670 1038 2735 obviam
1075 2671 1359 2736 venisses
1404 2671 1476 2735 in
1521 2693 1697 2757 agro,
1740 2675 1815 2736 ut
1850 2672 2147 2756 arbitror,

166 2781 201 2830 4
239 2762 623 2827 Trebulano.
725 2757 1027 2823 Secutum
1080 2759 1240 2824 illud
1293 2763 1548 2844 tempus
1612 2764 1736 2844 est,
1790 2782 1989 2844 quum
2042 2783 2145 2825 me

239 2852 320 2916 ad
356 2850 736 2934 Pompeium
779 2848 1098 2932 proficisci
1134 2847 1266 2911 sive
1303 2848 1512 2932 pudor
1547 2870 1727 2914 meus
1763 2849 1976 2934 coegit
2012 2850 2145 2915 sive

239 2939 524 3005 officium
587 2938 720 3002 sive
781 2936 1070 3001 fortuna:
1136 2936 1308 3019 quod
1372 2937 1655 3002 officium
1710 2941 1920 3021 tuum,
1975 2939 2142 3021 quod

240 3028 523 3092 studium
558 3028 658 3091 vel
704 3026 773 3089 in
812 3026 1143 3090 absentem
1180 3046 1281 3089 me
1318 3026 1418 3090 vel
1455 3026 1524 3089 in
1560 3030 1930 3109 praesentes
1968 3049 2144 3091 meos

240 3115 489 3179 defuit?
554 3136 743 3198 quem
796 3135 989 3197 porro
1037 3134 1260 3178 omnes
1315 3116 1441 3179 mei
1489 3118 1554 3179 et
1598 3115 1757 3179 mihi
1804 3117 1869 3179 et
1902 3115 2036 3180 sibi
2080 3120 2144 3179 te

242 3203 609 3268 amiciorem
671 3201 1155 3267 iudicaverunt?
1256 3200 1426 3267 Veni
1488 3202 1928 3269 Brundisium:
1989 3205 2143 3269 obli-

383 3408 485 3477 Ep.
516 3415 600 3474 27,
633 3416 678 3464 1.
724 3413 1056 3481 priusquam
1081 3414 1393 3482 respondeo,
1412 3429 1474 3481 p.
1504 3413 1599 3483 (W
1601 3417 1654 3482 .).
1718 3415 1885 3483 prius
1911 3431 2071 3483 quam
2097 3432 2140 3468 r.

233 3496 296 3551 p.
325 3479 387 3533 B.
461 3485 510 3532 3.
549 3478 629 3532 Et
663 3481 826 3536 initio
851 3483 962 3551 (M.,
990 3483 1202 3555 vulgo).
1276 3485 1468 3540 etenim
1497 3484 1605 3554 Or.‚
1636 3484 1694 3539 B.
1771 3486 1950 3540 Initio
1976 3485 2137 3556 (W.)?
