2338 3691
765 136 1287 192 EPISTOLARUM
1331 136 1476 191 VIII.
1517 143 1567 190 4.
1996 135 2126 199 233

208 305 409 366 quam
444 283 866 347 deriseramus
906 283 1079 367 olim,
1124 286 1191 346 et
1226 281 1660 366 promulgatio
1699 280 1777 344 de
1815 280 2126 346 dictatore

207 372 426 437 subito
474 372 703 436 deiecit
748 375 813 436 et
856 372 1174 435 deiectum
1220 390 1459 455 magno
1516 371 1792 434 clamore
1837 370 2129 434 insecuta

207 463 337 543 est3
393 460 540 524 inde
584 459 852 524 Hirrum
907 460 1122 524 cuncti
1166 460 1298 524 iam
1342 480 1479 524 non
1535 457 1903 523 faciendum
1948 458 2127 544 flagi·

204 552 369 612 tare.
443 547 643 632 Spero
689 553 754 613 te
802 548 1092 613 celeriter
1138 551 1204 612 et
1249 547 1326 612 de
1371 547 1578 633 nobis,
1624 547 1796 631 quod
1839 548 2129 632 sperasti,

208 641 280 702 et
325 637 404 700 de
462 638 603 720 illo,
657 636 828 738 quod
882 637 990 701 vix
1035 658 1293 721 sperare
1341 658 1535 700 ausus
1592 657 1686 720 eS,
1742 635 2128 700 auditurum.

207 725 311 790 De
366 747 436 789 re
490 726 749 810 publica
802 726 933 790 iam
986 726 1141 790 novi
1197 725 1547 810 quidquam
1601 728 1968 808 exspectare
2024 726 2126 789 de·
2166 735 2200 782 4

209 815 552 896 sieramus3
598 815 727 899 sed,
774 836 971 898 quum
1008 818 1272 878 senatus
1310 814 1569 878 habitus
1608 817 1777 878 esset
1811 814 1893 878 ad
1931 813 2129 898 Apol-

207 903 365 967 linis
426 925 481 968 a.
528 864 587 968 d.
642 866 738 964 xl'.
782 903 927 968 Kal.
975 901 1145 968 Sext.
1193 906 1258 967 et
1300 902 1647 967 referretur
1692 902 1776 966 de=
1808 903 2129 987 stipendio

210 989 333 1057 Cn.
368 990 677 1076 Pompeii,
720 992 963 1057 mentio
1008 992 1186 1056 facta
1231 995 1330 1056 est
1375 990 1453 1056 de
1499 991 1752 1076 legione
1800 1013 1892 1076 ea,
1938 1014 2131 1075 quam

210 1102 563 1164 expensam
625 1081 776 1149 tulit
829 1078 898 1146 O.
954 1078 1214 1146 Caesari
1257 1079 1630 1164 PompeiuS,
1676 1101 1803 1164 quo
1862 1102 2131 1145 numero

211 1172 413 1253 esset,
467 1191 594 1253 quo
650 1172 1074 1254 appeteretur.
1173 1170 1216 1248 †
1254 1166 1415 1234 Oum
1468 1167 1815 1252 Pompeius
1871 1190 2007 1233 esse
2061 1170 2133 1233 in

211 1255 444 1342 Gallia,
489 1261 750 1323 coactus
797 1261 897 1322 est
931 1257 1140 1322 dicere
1176 1256 1522 1342 Pompeius
1561 1278 1628 1320 se
1663 1257 1986 1341 legionem
2024 1257 2132 1321 ab·

212 1346 589 1430 ducturum,
642 1346 753 1411 sed
807 1368 943 1412 non
997 1346 1218 1411 statim
1265 1347 1384 1411 sub
1430 1345 1826 1411 mentionem
1873 1349 1937 1409 et
1984 1366 2131 1410 con-

212 1435 456 1499 vicium
504 1435 1036 1518 obtrectatorum3
1081 1435 1233 1499 inde
1278 1436 1717 1519 interrogatus
1765 1434 1841 1498 de
1889 1455 2133 1498 succes·

215 1524 401 1588 sione
457 1521 525 1588 O.
572 1521 890 1608 GaesariS,
955 1524 1032 1588 de
1088 1536 1243 1608 qua,
1302 1523 1429 1588 hoc
1483 1528 1583 1587 est
1636 1522 1714 1586 de
1769 1523 2135 1607 provinciis,

212 1612 529 1696 placitum
574 1616 699 1696 est,
752 1615 828 1676 ut
882 1634 1076 1696 quam
1129 1613 1409 1696 primmn
1455 1611 1536 1675 ad
1581 1611 1807 1676 urbem
1859 1614 2134 1676 reverte·

213 1703 398 1765 retur
444 1698 559 1764 Cn.
604 1699 975 1785 Pompeius,
1038 1704 1113 1765 ut
1177 1722 1395 1766 coram
1458 1721 1533 1767 eo
1600 1699 1678 1764 de
1733 1700 2134 1765 successione

217 1789 701 1873 provinciarum
729 1793 1053 1875 ageretur3
1090 1811 1245 1854 nam
1276 1788 1640 1853 Ariminum
1669 1788 1749 1853 ad
1788 1790 2135 1854 exercitum

214 1878 566 1962 Pompeius
621 1882 762 1943 erat
810 1879 1048 1963 iturus,
1103 1882 1168 1943 et
1223 1879 1445 1943 statim
1497 1878 1589 1942 iit.
1692 1877 1858 1944 Puto
1914 1878 2134 1943 Idibus

219 1964 396 2031 Sext.
442 1967 520 2031 de
567 1988 644 2031 ea
685 1989 756 2031 re
802 1972 1018 2032 actum
1065 1968 1162 2031 iri.
1234 1966 1534 2032 Profecto
1582 1971 1697 2031 aut
1738 1968 2135 2052 transigetur

218 2055 466 2138 aliquid
534 2059 647 2120 aut
708 2056 985 2140 turpiter
1056 2055 1514 2139 intercedetur3
1577 2076 1729 2119 nam
1792 2056 1863 2119 in
1923 2056 2169 2140 dispu-

215 2144 422 2208 tando
481 2144 754 2209 coniecit
806 2145 984 2209 illam
1039 2165 1263 2210 vocem
1319 2142 1434 2208 On.
1487 2143 1858 2228 Pompeius,
1914 2164 2137 2209 omnes

220 2235 523 2317 oportere
569 2233 824 2298 senatui
882 2233 1053 2298 dicto
1102 2233 1436 2297 audientes
1483 2254 1637 2296 esse.
1727 2231 1872 2317 Ego
1919 2237 2136 2297 tamen

218 2322 317 2385 sic
361 2320 526 2385 nihil
572 2325 890 2406 exspecto,
936 2321 1258 2405 quomodo
1294 2313 1612 2405 Paullum,
1658 2322 1987 2385 consulem
2034 2322 2137 2385 de-

217 2410 552 2495 slgnatum
564 2460 583 2494 ‚
647 2411 925 2494 primum
991 2410 1381 2474 sententiam
1436 2409 1770 2474 dicentem.
1853 2407 2137 2512 Saepius
2177 2423 2207 2471 5

215 2501 288 2562 te
336 2498 650 2564 admoneo
707 2498 785 2563 de
840 2499 1214 2584 syngrapha
1268 2496 1547 2563 Sittiana
1591 2534 1676 2548 —
1722 2498 1911 2582 cupio
1968 2499 2139 2563 enim

215 2590 290 2651 te
332 2586 696 2672 intelligere
751 2608 895 2651 eam
946 2609 1084 2652 rem
1137 2588 1220 2655 ad
1274 2608 1376 2651 me
1421 2587 1607 2652 valde
1660 2588 1980 2671 pertinere
2027 2609 2140 2669 —3

217 2676 381 2739 item
428 2674 507 2739 de
551 2676 912 2760 pantheris,
969 2680 1044 2740 ut
1089 2671 1427 2760 Cibyratas
1483 2697 1768 2740 arcessas
1815 2694 2142 2759 curesque,

218 2766 299 2828 ut
350 2764 513 2831 mihi
577 2764 924 2866 vehantur3
986 2766 1319 2848 praeterea
1372 2765 1743 2829 nuntiatum
1806 2763 1995 2828 nobis
2057 2766 2145 2827 est

220 2855 292 2916 et
360 2874 482 2937 pro
540 2856 734 2918 certo
797 2854 930 2917 iam
999 2853 1277 2917 habetur
1348 2871 1568 2938 regem
1631 2843 2141 2917 Alexandrinum

218 2945 580 3006 mortuum.
657 2942 809 3025 quid
880 2941 1039 3005 mihi
1104 2941 1400 3026 suadeas,
1473 2940 1794 3026 quomodo
1867 2960 2141 3025 regnum

217 3029 386 3094 illud
432 3051 499 3094 se
544 3030 810 3116 habeat,
856 3030 998 3114 quis
1043 3033 1364 3114 procuret,
1409 3030 1752 3114 diligenter
1797 3027 1956 3092 mihi
2001 3049 2140 3112 per·

219 3117 487 3183 scribas,
576 3117 657 3183 K.
702 3116 873 3184 Sext

366 3274 470 3345 Ep.
501 3282 551 3344 4,
581 3282 632 3330 4.
687 3290 794 3345 quo
832 3280 1174 3346 appeteretur
1211 3276 1343 3344 (M.
1451 3276 1600 3329 uoad
1626 3279 1737 3343 pet.
1777 3272 2038 3341 Clericus,
2077 3272 2137 3327 B

221 3376 291 3386 ——
332 3293 518 3416 Quum
563 3346 675 3415 (vel
715 3346 867 3417 Quae
903 3349 1090 3417 quum)
1138 3352 1268 3401 esset
1304 3348 1367 3400 in
1467 3345 1606 3399 allia
1652 3345 1784 3414 (W.)
1798 3351 1823 3398 *Ρ
1862 3375 1927 3384 -
1976 3345 2140 3397 inter-

219 3422 456 3487 rogatus
487 3418 553 3473 de
599 3417 734 3487 (Mn)
817 3418 854 3472 ι’.
894 3423 971 3473 est
1016 3419 1081 3474 de
1117 3417 1206 3484 L.,
1245 3416 1334 3470 W.
1387 3416 1550 3484 olim,
1594 3415 1656 3469 Β.
1711 3445 1777 3454 -
1832 3414 1930 3468 hoc
1965 3417 2042 3466 est
2075 3412 2140 3464 de

215 3488 525 3557 provinciis
562 3488 695 3559 (Μ.).
771 3487 942 3560 [hoc.
965 3487 1126 3560 ‚pr.]
1164 3486 1315 3556 Ern„
1351 3486 1412 3541 Β.
