2338 3691
240 84 372 179 380
807 115 878 168 M.
919 112 1165 168 TULLII
1201 111 1584 168 cicERoms

239 283 355 327 vos
401 261 581 325 brevi
625 263 914 344 tempore
959 259 1061 323 ius
1108 280 1295 323 suum
1341 257 1739 361 reciperabit.
1829 257 1976 344 Ego
2021 258 2169 323 tuis

240 370 448 434 neque
494 349 718 413 desum
763 369 970 432 neque
1017 348 1234 412 deero:
1281 348 1392 431 qui
1436 347 1568 412 sive
1615 347 1697 411 ad
1732 369 1835 412 me
1872 347 2172 412 referent

239 438 391 505 sive
407 457 535 502 non
568 437 846 518 referent,
891 459 1035 501 mea
1070 436 1191 500 tibi
1226 440 1450 501 tamen
1483 435 1933 502 benevolentia
1966 436 2168 503 fides-

243 548 365 612 que
411 526 863 612 praestabitur.
952 525 1135 591 Vale.

1129 773 1249 839 III.

423 896 537 952 Ser.
574 896 786 951 Romae
822 896 1052 951 ineunte
1087 911 1277 951 mense
1315 894 1544 951 Octobri
1580 912 1630 951 a.
1666 913 1720 950 u.
1757 913 1805 951 c.
1847 901 1963 950 710.

782 1044 792 1049 ’
830 1037 1089 1093 CICERO
1128 1037 1378 1094 CASSIO
1418 1037 1569 1093 SAL.

378 1147 598 1235 Auget
638 1152 791 1214 tuus
829 1149 1071 1213 amicus
1107 1148 1394 1213 furorem
1437 1147 1509 1212 in
1555 1148 1715 1213 dies:
1761 1149 2038 1234 primum
2088 1150 2162 1214 in

246 1242 488 1324 statua,
543 1260 737 1322 quam
783 1237 1001 1323 posuit
1042 1237 1114 1301 in
1167 1237 1422 1318 rostris,
1474 1236 1806 1322 inscripsit
1859 1256 2161 1303 PAREN'H

245 1345 500 1394 OPTIME
533 1343 813 1409 MERITO,
856 1329 933 1392 ut
966 1347 1103 1391 non
1138 1327 1331 1392 modo
1368 1325 1599 1409 sicarii,
1644 1327 1755 1392 sed
1790 1328 1920 1392 iam
1958 1329 2159 1392 etiarn

244 1417 597 1503 parricidae
631 1415 1019 1500 indicemini,
1062 1415 1217 1499 quid
1260 1415 1419 1496 dico,
1462 1414 1875 1480 indicemini?
1919 1417 2157 1482 iudice-

245 1529 391 1572 mur
442 1506 684 1591 potius;
744 1505 942 1570 vestri
997 1504 1168 1568 enim
1223 1503 1638 1589 pulcherrimi
1692 1504 1850 1570 facti
1901 1506 2011 1569 ille
2054 1506 2157 1571 fu-

244 1597 454 1661 riosus
508 1617 609 1660 me
662 1594 1018 1679 principem
1042 1593 1230 1658 dicit
1263 1593 1481 1658 fuisse.
1571 1593 1841 1658 Utinam
1895 1595 2154 1678 quidem

244 1685 534 1749 fuissem!
580 1684 890 1748 molestus
916 1682 1106 1748 nobis
1136 1704 1272 1747 non
1298 1685 1483 1746 esset.
1557 1679 1680 1747 Sed
1717 1683 1841 1748 hoc
1869 1688 2155 1750 vestrum

247 1777 370 1856 est3
417 1772 588 1857 quod
625 1772 928 1857 quoniam
965 1772 1316 1856 praeteriit,
1351 1771 1600 1835 utinam
1638 1771 1958 1858 haberem,
2000 1773 2155 1858 quid

246 1863 428 1927 vobis
474 1861 692 1926 darem
738 1861 1014 1927 consilii!
1071 1862 1184 1925 sed
1236 1883 1319 1926 ne
1365 1860 1525 1925 mihi
1579 1863 1834 1944 quidem
1886 1862 2012 1947 ipsi
2057 1885 2152 1928 re-

246 1952 424 2036 perio
489 1950 643 2034 quid
705 1950 1079 2014 faciundum
1144 1950 1255 2033 sit3
1328 1949 1480 2034 quid
1544 1951 1718 2015 enim
1781 1954 1904 2036 est,
1981 1953 2151 2036 quod

189 2043 475 2109 ,contra
527 2039 658 2103 vim
714 2040 852 2103 sine
907 2038 971 2102 vi
1021 2038 1162 2103 fieri
1215 2037 1463 2124 possit?
1555 2036 1908 2105 Consilium
1963 2063 2152 2107 omne

248 2133 463 2193 autem
508 2127 634 2192 hoc
679 2130 779 2192 est
819 2127 1104 2209 illorum,
1156 2131 1234 2192 ut
1286 2131 1558 2193 mortem
1604 2126 1897 2194 Caesaris
1942 2151 2151 2214 perse-

249 2221 555 2301 quantur;
598 2217 815 2300 itaque
860 2219 1012 2281 ante
1058 2178 1229 2280 d’iem
1271 2235 1360 2282 v1.
1405 2215 1575 2282 Non.
1622 2215 1759 2282 Oct.
1804 2219 2153 2310 productus

247 2307 317 2370 in
379 2305 754 2372 concionem
817 2327 858 2369 a
911 2302 1234 2370 Cannutio
1296 2306 1664 2391 turpissime
1725 2307 1833 2372 ille
1896 2308 2151 2391 quidem

249 2395 558 2478 discessit,
602 2395 714 2460 sed
758 2398 978 2459 tamen
1023 2416 1100 2458 ea
1135 2394 1298 2458 dixit
1331 2394 1409 2459 de
1448 2396 2002 2462 conservatoribus
2042 2420 2149 2482 pa-

247 2484 436 2569 triae,
499 2506 662 2568 quae
726 2483 853 2548 dici
914 2484 1224 2548 deberent
1283 2483 1362 2547 de
1413 2483 1875 2568 proditoribus3
1928 2485 2006 2550 de
2050 2509 2149 2552 me

249 2573 506 2658 quidem
560 2595 696 2638 non
750 2572 1143 2654 dubitanter,
1209 2572 1367 2655 quin
1412 2572 1630 2636 omnia
1691 2573 1770 2638 de
1815 2594 1958 2638 meo
2004 2595 2148 2640 con-

251 2662 393 2728 silio
438 2666 508 2727 et
549 2683 666 2726 vos
710 2661 1022 2726 fecissetis
1068 2664 1135 2725 et
1179 2658 1541 2726 Cannutius
1585 2661 1842 2727 faceret.
1928 2661 2148 2729 Cetera
2195 2685 2202 2688 “

250 2751 609 2816 cuiusmodi
655 2750 804 2833 sint,
849 2771 927 2814 ex
968 2749 1095 2814 hoc
1139 2749 1370 2832 iudica,
1414 2750 1584 2833 quod
1619 2750 1836 2837 legato
1872 2754 1987 2817 tuo
2023 2754 2145 2817 via-

248 2839 447 2905 ticum
485 2839 882 2924 eripuerunt:
929 2838 1082 2922 quid
1118 2860 1229 2903 eos
1265 2839 1676 2923 interpretari
1710 2843 1921 2924 putate,
1956 2862 2145 2925 quum

246 2927 373 2995 hoc
432 2927 727 2993 faciunt?
791 2927 873 2992 ad
933 2926 1191 2992 hostem
1253 2927 1496 2991 scilicet
1558 2929 1820 3011 portari.
1919 2927 1974 2994 Ο
2019 2952 2144 2996 rem

248 3018 574 3082 miseram!
639 3016 972 3081 dominum
1032 3016 1200 3080 ferre
1255 3037 1391 3081 non
1432 3017 1762 3100 potuimus
1771 3068 1788 3101 ‚
1846 3039 2145 3085 conservo

250 3106 577 3169 servimus.
676 3104 766 3169 Et
825 3109 1072 3188 tamen,
1140 3126 1244 3169 me
1309 3104 1566 3188 quidem
1624 3106 1884 3171 favente
1947 3109 2143 3193 magis

249 3212 444 3342 313¹?
487 3197 816 3346 {fiirassss‘}
851 3193 2142 3369 εῐῖἳωοὲὲὲἓέθῖἒθξθῗέῗιῗοωωζῖῗᾚ

248 3366 460 3518 {pepi-n
505 3363 719 3433 tecum
770 3370 949 3454 loqui
1008 3391 1204 3455 quam
1248 3375 1475 3436 nostra
1528 3373 1699 3438 dicta
1752 3375 2138 3459 cognoscere.

314 3474 352 3516 a
378 3474 412 3517 e
