<?xml version="1.0" encoding="UTF-8"?>
<!DOCTYPE html PUBLIC "-//W3C//DTD XHTML 1.0 Transitional//EN"
    "http://www.w3.org/TR/xhtml1/DTD/xhtml1-transitional.dtd">
<html xmlns="http://www.w3.org/1999/xhtml" xml:lang="en" lang="en">
 <head>
  <title>
</title>
<meta http-equiv="Content-Type" content="text/html;charset=utf-8" />
  <meta name='ocr-system' content='tesseract 3.04.00' />
  <meta name='ocr-capabilities' content='ocr_page ocr_carea ocr_par ocr_line ocrx_word'/>
</head>
<body>
  <div class='ocr_page' id='page_1' title='image "./scriptaquaemans02wesegoog_0424.png"; bbox 0 0 2338 3691; ppageno 0'>
   <div class='ocr_carea' id='block_1_1' title="bbox 222 118 1573 185">
    <p class='ocr_par' dir='ltr' id='par_1_1' title="bbox 222 118 1573 185">
     <span class='ocr_line' id='line_1_1' title="bbox 222 118 1573 185; baseline -0.009 1"><span class='ocrx_word' id='word_1_1' title='bbox 222 120 358 185; x_wconf 88' lang='grc'><strong>408</strong></span> <span class='ocrx_word' id='word_1_2' title='bbox 796 120 870 175; x_wconf 89' lang='grc' dir='ltr'><strong>Μ.</strong></span> <span class='ocrx_word' id='word_1_3' title='bbox 909 119 1156 175; x_wconf 88' lang='lat' dir='ltr'>TULLII</span> <span class='ocrx_word' id='word_1_4' title='bbox 1193 118 1573 175; x_wconf 85' lang='lat' dir='ltr'>CICERONIS</span> 
     </span>
    </p>
   </div>
   <div class='ocr_carea' id='block_1_2' title="bbox 159 265 2210 3311">
    <p class='ocr_par' dir='ltr' id='par_1_2' title="bbox 226 265 2149 1060">
     <span class='ocr_line' id='line_1_2' title="bbox 226 265 2145 350; baseline -0.001 -18"><span class='ocrx_word' id='word_1_5' title='bbox 226 266 621 333; x_wconf 75' lang='lat' dir='ltr'>labefactare</span> <span class='ocrx_word' id='word_1_6' title='bbox 667 287 840 350; x_wconf 87' lang='lat' dir='ltr'><strong>eum,</strong></span> <span class='ocrx_word' id='word_1_7' title='bbox 894 265 1004 350; x_wconf 92' lang='lat' dir='ltr'><strong>qui</strong></span> <span class='ocrx_word' id='word_1_8' title='bbox 1049 286 1299 330; x_wconf 87' lang='lat' dir='ltr'><strong>summa</strong></span> <span class='ocrx_word' id='word_1_9' title='bbox 1352 286 1499 333; x_wconf 88' lang='lat' dir='ltr'><strong>cum</strong></span> <span class='ocrx_word' id='word_1_10' title='bbox 1542 270 1658 331; x_wconf 91' lang='lat' dir='ltr'><strong>tua</strong></span> <span class='ocrx_word' id='word_1_11' title='bbox 1701 266 1938 332; x_wconf 84' lang='lat' dir='ltr'><strong>im&#39;uria</strong></span> <span class='ocrx_word' id='word_1_12' title='bbox 1989 289 2145 333; x_wconf 88' lang='lat' dir='ltr'><strong>con-</strong></span> 
     </span>
     <span class='ocr_line' id='line_1_3' title="bbox 228 354 2148 441; baseline 0 -21"><span class='ocrx_word' id='word_1_13' title='bbox 228 355 621 440; x_wconf 90' lang='lat' dir='ltr'><strong>tumeliaque</strong></span> <span class='ocrx_word' id='word_1_14' title='bbox 646 354 741 418; x_wconf 91' lang='lat' dir='ltr'><strong>rei</strong></span> <span class='ocrx_word' id='word_1_15' title='bbox 766 354 1061 439; x_wconf 88' lang='lat' dir='ltr'><strong>publicae</strong></span> <span class='ocrx_word' id='word_1_16' title='bbox 1089 354 1488 439; x_wconf 83' lang='lat' dir='ltr'><strong>provinciam</strong></span> <span class='ocrx_word' id='word_1_17' title='bbox 1514 355 1747 420; x_wconf 82' lang='lat' dir='ltr'><strong>absens</strong></span> <span class='ocrx_word' id='word_1_18' title='bbox 1781 355 2148 441; x_wconf 80' lang='lat' dir='ltr'><strong>obtinebat3</strong></span> 
     </span>
     <span class='ocr_line' id='line_1_4' title="bbox 228 442 2148 529; baseline 0.001 -21"><span class='ocrx_word' id='word_1_19' title='bbox 228 443 448 528; x_wconf 91' lang='lat' dir='ltr'><strong>itaque</strong></span> <span class='ocrx_word' id='word_1_20' title='bbox 484 442 740 509; x_wconf 88' lang='lat' dir='ltr'><strong>crebras</strong></span> <span class='ocrx_word' id='word_1_21' title='bbox 775 443 878 508; x_wconf 81' lang='lat' dir='ltr'><strong>vel</strong></span> <span class='ocrx_word' id='word_1_22' title='bbox 912 443 1129 527; x_wconf 87' lang='lat' dir='ltr'><strong>potius</strong></span> <span class='ocrx_word' id='word_1_23' title='bbox 1167 443 1574 527; x_wconf 89' lang='lat' dir='ltr'><strong>quotidianas</strong></span> <span class='ocrx_word' id='word_1_24' title='bbox 1615 444 2148 529; x_wconf 77' lang='lat' dir='ltr'><strong>compellationes</strong></span> 
     </span>
     <span class='ocr_line' id='line_1_5' title="bbox 229 530 2148 618; baseline 0.001 -21"><span class='ocrx_word' id='word_1_25' title='bbox 229 553 408 597; x_wconf 88' lang='lat' dir='ltr'><strong>meas</strong></span> <span class='ocrx_word' id='word_1_26' title='bbox 451 553 587 597; x_wconf 91' lang='lat' dir='ltr'><strong>non</strong></span> <span class='ocrx_word' id='word_1_27' title='bbox 631 531 784 597; x_wconf 91' lang='lat' dir='ltr'><strong>tulit</strong></span> <span class='ocrx_word' id='word_1_28' title='bbox 827 552 1018 616; x_wconf 90' lang='lat' dir='ltr'><strong>seque</strong></span> <span class='ocrx_word' id='word_1_29' title='bbox 1063 530 1134 595; x_wconf 88' lang='lat' dir='ltr'><strong>in</strong></span> <span class='ocrx_word' id='word_1_30' title='bbox 1178 532 1404 597; x_wconf 91' lang='lat' dir='ltr'><strong>urbem</strong></span> <span class='ocrx_word' id='word_1_31' title='bbox 1447 533 1688 618; x_wconf 87' lang='lat' dir='ltr'><strong>recepit</strong></span> <span class='ocrx_word' id='word_1_32' title='bbox 1718 534 1985 617; x_wconf 84' lang='lat' dir='ltr'><strong>invitus3</strong></span> <span class='ocrx_word' id='word_1_33' title='bbox 2029 554 2148 598; x_wconf 91' lang='lat' dir='ltr'><strong>ne-</strong></span> 
     </span>
     <span class='ocr_line' id='line_1_6' title="bbox 233 620 2149 706; baseline 0 -20"><span class='ocrx_word' id='word_1_34' title='bbox 233 642 356 705; x_wconf 93' lang='lat' dir='ltr'><strong>que</strong></span> <span class='ocrx_word' id='word_1_35' title='bbox 401 621 611 686; x_wconf 89' lang='lat' dir='ltr'><strong>solum</strong></span> <span class='ocrx_word' id='word_1_36' title='bbox 655 641 786 706; x_wconf 88' lang='lat' dir='ltr'><strong>spe,</strong></span> <span class='ocrx_word' id='word_1_37' title='bbox 831 620 942 685; x_wconf 90' lang='lat' dir='ltr'><strong>sed</strong></span> <span class='ocrx_word' id='word_1_38' title='bbox 989 623 1164 685; x_wconf 89' lang='lat' dir='ltr'><strong>certa</strong></span> <span class='ocrx_word' id='word_1_39' title='bbox 1206 642 1276 685; x_wconf 91' lang='lat' dir='ltr'><strong>re</strong></span> <span class='ocrx_word' id='word_1_40' title='bbox 1321 621 1451 685; x_wconf 91' lang='lat' dir='ltr'><strong>iam</strong></span> <span class='ocrx_word' id='word_1_41' title='bbox 1492 624 1559 686; x_wconf 88' lang='lat' dir='ltr'><strong>et</strong></span> <span class='ocrx_word' id='word_1_42' title='bbox 1591 622 1997 706; x_wconf 81' lang='lat' dir='ltr'><strong>possessione</strong></span> <span class='ocrx_word' id='word_1_43' title='bbox 2035 620 2149 686; x_wconf 87' lang='lat' dir='ltr'><strong>de·</strong></span> 
     </span>
     <span class='ocr_line' id='line_1_7' title="bbox 229 708 2145 795; baseline 0 -22"><span class='ocrx_word' id='word_1_44' title='bbox 229 709 530 775; x_wconf 88' lang='lat' dir='ltr'><strong>turbatus</strong></span> <span class='ocrx_word' id='word_1_45' title='bbox 592 711 692 774; x_wconf 88' lang='lat' dir='ltr'><strong>est</strong></span> <span class='ocrx_word' id='word_1_46' title='bbox 743 730 885 774; x_wconf 93' lang='lat' dir='ltr'><strong>meo</strong></span> <span class='ocrx_word' id='word_1_47' title='bbox 948 709 1301 775; x_wconf 90' lang='lat' dir='ltr'><strong>iustissimo</strong></span> <span class='ocrx_word' id='word_1_48' title='bbox 1354 708 1935 795; x_wconf 87' lang='lat' dir='ltr'><strong>honestissimoque</strong></span> <span class='ocrx_word' id='word_1_49' title='bbox 1991 731 2145 775; x_wconf 88' lang='lat' dir='ltr'><strong>con-</strong></span> 
     </span>
     <span class='ocr_line' id='line_1_8' title="bbox 230 796 2148 882; baseline -0.001 -19"><span class='ocrx_word' id='word_1_50' title='bbox 230 797 416 863; x_wconf 80' lang='lat' dir='ltr'><strong>vicio.</strong></span> <span class='ocrx_word' id='word_1_51' title='bbox 523 797 616 862; x_wconf 82' lang='lat' dir='ltr'><strong>Te</strong></span> <span class='ocrx_word' id='word_1_52' title='bbox 686 801 868 862; x_wconf 89' lang='lat' dir='ltr'><strong>tuam</strong></span> <span class='ocrx_word' id='word_1_53' title='bbox 940 796 1324 882; x_wconf 85' lang='lat' dir='ltr'><strong>dignitatem</strong></span> <span class='ocrx_word' id='word_1_54' title='bbox 1387 820 1648 864; x_wconf 25' lang='lat' dir='ltr'><strong>*summa</strong></span> <span class='ocrx_word' id='word_1_55' title='bbox 1715 802 1832 864; x_wconf 89' lang='lat' dir='ltr'><strong>tua</strong></span> <span class='ocrx_word' id='word_1_56' title='bbox 1902 799 2148 864; x_wconf 85' lang='lat' dir='ltr'><strong>virtute</strong></span> 
     </span>
     <span class='ocr_line' id='line_1_9' title="bbox 228 885 2146 971; baseline -0.001 -20"><span class='ocrx_word' id='word_1_57' title='bbox 228 886 515 951; x_wconf 90' lang='lat' dir='ltr'><strong>tenuisse</strong></span> <span class='ocrx_word' id='word_1_58' title='bbox 567 886 1065 971; x_wconf 84' lang='lat' dir='ltr'><strong>provinciaeque</strong></span> <span class='ocrx_word' id='word_1_59' title='bbox 1113 885 1468 951; x_wconf 87' lang='lat' dir='ltr'><strong>honoribus</strong></span> <span class='ocrx_word' id='word_1_60' title='bbox 1524 887 1935 971; x_wconf 82' lang='lat' dir='ltr'><strong>amplissimis</strong></span> <span class='ocrx_word' id='word_1_61' title='bbox 1991 887 2146 952; x_wconf 89' lang='lat' dir='ltr'><strong>affe-</strong></span> 
     </span>
     <span class='ocr_line' id='line_1_10' title="bbox 231 974 1178 1060; baseline -0.002 -20"><span class='ocrx_word' id='word_1_62' title='bbox 231 977 408 1040; x_wconf 88' lang='lat' dir='ltr'><strong>ctum</strong></span> <span class='ocrx_word' id='word_1_63' title='bbox 450 975 862 1040; x_wconf 85' lang='lat' dir='ltr'><strong>vehementer</strong></span> <span class='ocrx_word' id='word_1_64' title='bbox 907 974 1178 1060; x_wconf 80' lang='lat' dir='ltr'><strong>gaudeo.</strong></span> 
     </span>
    </p>

    <p class='ocr_par' dir='ltr' id='par_1_3' title="bbox 160 1060 2152 1947">
     <span class='ocr_line' id='line_1_11' title="bbox 160 1060 2149 1151; baseline -0.002 -19"><span class='ocrx_word' id='word_1_65' title='bbox 160 1083 193 1132; x_wconf 79' lang='lat'>8</span> <span class='ocrx_word' id='word_1_66' title='bbox 365 1062 550 1141; x_wconf 83' lang='lat' dir='ltr'><strong>Quod</strong></span> <span class='ocrx_word' id='word_1_67' title='bbox 594 1067 659 1129; x_wconf 91' lang='lat' dir='ltr'><strong>te</strong></span> <span class='ocrx_word' id='word_1_68' title='bbox 703 1063 863 1128; x_wconf 89' lang='lat' dir='ltr'><strong>mihi</strong></span> <span class='ocrx_word' id='word_1_69' title='bbox 908 1063 985 1128; x_wconf 88' lang='lat' dir='ltr'><strong>de</strong></span> <span class='ocrx_word' id='word_1_70' title='bbox 1031 1060 1411 1148; x_wconf 86' lang='lat' dir='ltr'><strong>Sempronio</strong></span> <span class='ocrx_word' id='word_1_71' title='bbox 1448 1085 1709 1151; x_wconf 86' lang='lat' dir='ltr'><strong>purgas,</strong></span> <span class='ocrx_word' id='word_1_72' title='bbox 1755 1064 2000 1149; x_wconf 86' lang='lat' dir='ltr'><strong>accipio</strong></span> <span class='ocrx_word' id='word_1_73' title='bbox 2039 1086 2149 1129; x_wconf 85' lang='lat' dir='ltr'><strong>ex-</strong></span> 
     </span>
     <span class='ocr_line' id='line_1_12' title="bbox 232 1152 2147 1240; baseline -0.001 -22"><span class='ocrx_word' id='word_1_74' title='bbox 232 1153 661 1236; x_wconf 84' lang='lat' dir='ltr'><strong>cusationem3</strong></span> <span class='ocrx_word' id='word_1_75' title='bbox 721 1152 850 1217; x_wconf 79' lang='lat' dir='ltr'><strong>fuit</strong></span> <span class='ocrx_word' id='word_1_76' title='bbox 912 1152 1083 1217; x_wconf 89' lang='lat' dir='ltr'><strong>enim</strong></span> <span class='ocrx_word' id='word_1_77' title='bbox 1144 1152 1304 1217; x_wconf 88' lang='lat' dir='ltr'><strong>illud</strong></span> <span class='ocrx_word' id='word_1_78' title='bbox 1369 1152 1690 1237; x_wconf 88' lang='lat' dir='ltr'><strong>quoddam</strong></span> <span class='ocrx_word' id='word_1_79' title='bbox 1742 1153 1786 1233; x_wconf 89' lang='lat'>†</span> <span class='ocrx_word' id='word_1_80' title='bbox 1840 1173 2147 1240; x_wconf 80' lang='lat' dir='ltr'><strong>graecum</strong></span> 
     </span>
     <span class='ocr_line' id='line_1_13' title="bbox 230 1240 2152 1327; baseline -0.001 -21"><span class='ocrx_word' id='word_1_81' title='bbox 230 1244 486 1327; x_wconf 89' lang='lat' dir='ltr'><strong>tempus</strong></span> <span class='ocrx_word' id='word_1_82' title='bbox 532 1241 874 1307; x_wconf 83' lang='lat' dir='ltr'><strong>servitutis.</strong></span> <span class='ocrx_word' id='word_1_83' title='bbox 944 1240 1109 1327; x_wconf 87' lang='lat' dir='ltr'><strong>Ego,</strong></span> <span class='ocrx_word' id='word_1_84' title='bbox 1153 1245 1415 1306; x_wconf 90' lang='lat' dir='ltr'><strong>tuorum</strong></span> <span class='ocrx_word' id='word_1_85' title='bbox 1461 1241 1876 1307; x_wconf 82' lang='lat' dir='ltr'><strong>consiliorum</strong></span> <span class='ocrx_word' id='word_1_86' title='bbox 1917 1245 2152 1307; x_wconf 87' lang='lat' dir='ltr'><strong>auctor</strong></span> 
     </span>
     <span class='ocr_line' id='line_1_14' title="bbox 232 1328 2145 1416; baseline -0.001 -21"><span class='ocrx_word' id='word_1_87' title='bbox 232 1330 695 1416; x_wconf 74' lang='lat' dir='ltr'><strong>dignitatisque</strong></span> <span class='ocrx_word' id='word_1_88' title='bbox 738 1329 975 1414; x_wconf 86' lang='lat' dir='ltr'><strong>fautor,</strong></span> <span class='ocrx_word' id='word_1_89' title='bbox 1017 1331 1221 1394; x_wconf 87' lang='lat' dir='ltr'><strong>iratus</strong></span> <span class='ocrx_word' id='word_1_90' title='bbox 1265 1330 1664 1414; x_wconf 86' lang='lat' dir='ltr'><strong>temporibus</strong></span> <span class='ocrx_word' id='word_1_91' title='bbox 1709 1330 1780 1394; x_wconf 91' lang='lat' dir='ltr'><strong>in</strong></span> <span class='ocrx_word' id='word_1_92' title='bbox 1806 1328 2145 1395; x_wconf 84' lang='lat' dir='ltr'><strong>Graeciam</strong></span> 
     </span>
     <span class='ocr_line' id='line_1_15' title="bbox 232 1417 2146 1521; baseline -0.001 -37"><span class='ocrx_word' id='word_1_93' title='bbox 232 1418 387 1505; x_wconf 85' lang='lat' dir='ltr'><strong>desp</strong></span> <span class='ocrx_word' id='word_1_94' title='bbox 391 1422 568 1484; x_wconf 88' lang='lat' dir='ltr'><strong>erata</strong></span> <span class='ocrx_word' id='word_1_95' title='bbox 611 1419 908 1483; x_wconf 88' lang='lat' dir='ltr'><strong>libertate</strong></span> <span class='ocrx_word' id='word_1_96' title='bbox 953 1417 1267 1503; x_wconf 86' lang='lat' dir='ltr'><strong>rapiebar,</strong></span> <span class='ocrx_word' id='word_1_97' title='bbox 1314 1439 1512 1502; x_wconf 90' lang='lat' dir='ltr'><strong>quum</strong></span> <span class='ocrx_word' id='word_1_98' title='bbox 1545 1440 1647 1483; x_wconf 94' lang='lat' dir='ltr'><strong>me</strong></span> <span class='ocrx_word' id='word_1_99' title='bbox 1687 1419 1921 1484; x_wconf 88' lang='lat' dir='ltr'><strong>etesiae</strong></span> <span class='ocrx_word' id='word_1_100' title='bbox 1959 1419 2146 1521; x_wconf 87' lang='lat' dir='ltr'><strong>quasi</strong></span> 
     </span>
     <span class='ocr_line' id='line_1_16' title="bbox 231 1507 2145 1592; baseline -0.001 -19"><span class='ocrx_word' id='word_1_101' title='bbox 231 1507 389 1573; x_wconf 91' lang='lat' dir='ltr'><strong>boni</strong></span> <span class='ocrx_word' id='word_1_102' title='bbox 434 1508 603 1573; x_wconf 85' lang='lat' dir='ltr'><strong>cives</strong></span> <span class='ocrx_word' id='word_1_103' title='bbox 647 1507 1115 1591; x_wconf 88' lang='lat' dir='ltr'><strong>relinquentem</strong></span> <span class='ocrx_word' id='word_1_104' title='bbox 1159 1528 1296 1572; x_wconf 93' lang='lat' dir='ltr'><strong>rem</strong></span> <span class='ocrx_word' id='word_1_105' title='bbox 1331 1507 1656 1591; x_wconf 78' lang='lat' dir='ltr'><strong>publicam</strong></span> <span class='ocrx_word' id='word_1_106' title='bbox 1691 1508 1993 1592; x_wconf 89' lang='lat' dir='ltr'><strong>prosequi</strong></span> <span class='ocrx_word' id='word_1_107' title='bbox 2028 1529 2145 1572; x_wconf 91' lang='lat' dir='ltr'><strong>no·</strong></span> 
     </span>
     <span class='ocr_line' id='line_1_17' title="bbox 232 1594 2147 1682; baseline 0 -21"><span class='ocrx_word' id='word_1_108' title='bbox 232 1597 518 1682; x_wconf 84' lang='lat' dir='ltr'><strong>luerunt,</strong></span> <span class='ocrx_word' id='word_1_109' title='bbox 577 1598 917 1680; x_wconf 89' lang='lat' dir='ltr'><strong>austerque</strong></span> <span class='ocrx_word' id='word_1_110' title='bbox 982 1594 1287 1660; x_wconf 84' lang='lat' dir='ltr'><strong>adversus</strong></span> <span class='ocrx_word' id='word_1_111' title='bbox 1348 1596 1627 1661; x_wconf 81' lang='lat' dir='ltr'><strong>maximo</strong></span> <span class='ocrx_word' id='word_1_112' title='bbox 1689 1595 1850 1661; x_wconf 88' lang='lat' dir='ltr'><strong>flatu</strong></span> <span class='ocrx_word' id='word_1_113' title='bbox 1903 1616 2005 1660; x_wconf 92' lang='lat' dir='ltr'><strong>me</strong></span> <span class='ocrx_word' id='word_1_114' title='bbox 2062 1595 2147 1661; x_wconf 87' lang='lat' dir='ltr'><strong>ad</strong></span> 
     </span>
     <span class='ocr_line' id='line_1_18' title="bbox 231 1681 2147 1769; baseline -0.001 -19"><span class='ocrx_word' id='word_1_115' title='bbox 231 1686 500 1750; x_wconf 87' lang='lat' dir='ltr'><strong>tribules</strong></span> <span class='ocrx_word' id='word_1_116' title='bbox 543 1687 693 1749; x_wconf 89' lang='lat' dir='ltr'><strong>tuos</strong></span> <span class='ocrx_word' id='word_1_117' title='bbox 719 1681 996 1768; x_wconf 86' lang='lat' dir='ltr'><strong>Regium</strong></span> <span class='ocrx_word' id='word_1_118' title='bbox 1040 1684 1310 1769; x_wconf 86' lang='lat' dir='ltr'><strong>rettulit,</strong></span> <span class='ocrx_word' id='word_1_119' title='bbox 1356 1687 1550 1768; x_wconf 90' lang='lat' dir='ltr'><strong>atque</strong></span> <span class='ocrx_word' id='word_1_120' title='bbox 1595 1684 1746 1749; x_wconf 87' lang='lat' dir='ltr'><strong>inde</strong></span> <span class='ocrx_word' id='word_1_121' title='bbox 1792 1685 2001 1751; x_wconf 86' lang='lat' dir='ltr'><strong>ventis</strong></span> <span class='ocrx_word' id='word_1_122' title='bbox 2049 1706 2147 1748; x_wconf 89' lang='lat' dir='ltr'><strong>re-</strong></span> 
     </span>
     <span class='ocr_line' id='line_1_19' title="bbox 231 1772 2146 1859; baseline -0.001 -22"><span class='ocrx_word' id='word_1_123' title='bbox 231 1774 355 1837; x_wconf 91' lang='lat' dir='ltr'><strong>mis</strong></span> <span class='ocrx_word' id='word_1_124' title='bbox 397 1774 470 1837; x_wconf 90' lang='lat' dir='ltr'><strong>in</strong></span> <span class='ocrx_word' id='word_1_125' title='bbox 512 1773 790 1859; x_wconf 90' lang='lat' dir='ltr'><strong>patriam</strong></span> <span class='ocrx_word' id='word_1_126' title='bbox 836 1772 1014 1838; x_wconf 92' lang='lat' dir='ltr'><strong>omni</strong></span> <span class='ocrx_word' id='word_1_127' title='bbox 1056 1772 1474 1838; x_wconf 88' lang='lat' dir='ltr'><strong>festinatione</strong></span> <span class='ocrx_word' id='word_1_128' title='bbox 1527 1774 1868 1859; x_wconf 85' lang='lat' dir='ltr'><strong>properavi</strong></span> <span class='ocrx_word' id='word_1_129' title='bbox 1912 1773 2146 1858; x_wconf 88' lang='lat' dir='ltr'><strong>postri-</strong></span> 
     </span>
     <span class='ocr_line' id='line_1_20' title="bbox 234 1862 2148 1947; baseline 0.001 -20"><span class='ocrx_word' id='word_1_130' title='bbox 234 1862 460 1947; x_wconf 91' lang='lat' dir='ltr'><strong>dieque</strong></span> <span class='ocrx_word' id='word_1_131' title='bbox 521 1862 592 1926; x_wconf 90' lang='lat' dir='ltr'><strong>in</strong></span> <span class='ocrx_word' id='word_1_132' title='bbox 646 1883 896 1927; x_wconf 92' lang='lat' dir='ltr'><strong>summa</strong></span> <span class='ocrx_word' id='word_1_133' title='bbox 945 1862 1339 1947; x_wconf 89' lang='lat' dir='ltr'><strong>reliquorum</strong></span> <span class='ocrx_word' id='word_1_134' title='bbox 1393 1862 1700 1927; x_wconf 86' lang='lat' dir='ltr'><strong>servitute</strong></span> <span class='ocrx_word' id='word_1_135' title='bbox 1756 1863 1920 1927; x_wconf 91' lang='lat' dir='ltr'><strong>liber</strong></span> <span class='ocrx_word' id='word_1_136' title='bbox 1975 1884 2148 1928; x_wconf 88' lang='lat' dir='ltr'><strong>unus</strong></span> 
     </span>
    </p>

    <p class='ocr_par' dir='ltr' id='par_1_4' title="bbox 159 1948 2210 2745">
     <span class='ocr_line' id='line_1_21' title="bbox 159 1948 2147 2035; baseline -0.001 -19"><span class='ocrx_word' id='word_1_137' title='bbox 159 1970 196 2017; x_wconf 86' lang='lat'>4</span> <span class='ocrx_word' id='word_1_138' title='bbox 231 1950 345 2015; x_wconf 88' lang='lat' dir='ltr'><strong>fui.</strong></span> <span class='ocrx_word' id='word_1_139' title='bbox 436 1948 541 2015; x_wconf 80' lang='lat' dir='ltr'><strong>Sic</strong></span> <span class='ocrx_word' id='word_1_140' title='bbox 604 1972 747 2015; x_wconf 92' lang='lat' dir='ltr'><strong>sum</strong></span> <span class='ocrx_word' id='word_1_141' title='bbox 799 1951 869 2015; x_wconf 92' lang='lat' dir='ltr'><strong>in</strong></span> <span class='ocrx_word' id='word_1_142' title='bbox 922 1948 1286 2016; x_wconf 84' lang='lat' dir='ltr'><strong>Antonium</strong></span> <span class='ocrx_word' id='word_1_143' title='bbox 1338 1950 1659 2035; x_wconf 75' lang='lat' dir='ltr'><strong>invectu8‚</strong></span> <span class='ocrx_word' id='word_1_144' title='bbox 1719 1954 1796 2015; x_wconf 94' lang='lat' dir='ltr'><strong>ut</strong></span> <span class='ocrx_word' id='word_1_145' title='bbox 1846 1952 1955 2016; x_wconf 85' lang='lat' dir='ltr'><strong>ille</strong></span> <span class='ocrx_word' id='word_1_146' title='bbox 2009 1973 2147 2016; x_wconf 90' lang='lat' dir='ltr'><strong>non</strong></span> 
     </span>
     <span class='ocr_line' id='line_1_22' title="bbox 232 2039 2148 2124; baseline 0 -21"><span class='ocrx_word' id='word_1_147' title='bbox 232 2039 432 2103; x_wconf 87' lang='lat' dir='ltr'><strong>ferret</strong></span> <span class='ocrx_word' id='word_1_148' title='bbox 475 2059 856 2124; x_wconf 85' lang='lat' dir='ltr'><strong>omnemque</strong></span> <span class='ocrx_word' id='word_1_149' title='bbox 909 2047 1109 2104; x_wconf 90' lang='lat' dir='ltr'><strong>suum</strong></span> <span class='ocrx_word' id='word_1_150' title='bbox 1140 2040 1545 2106; x_wconf 83' lang='lat' dir='ltr'><strong>vinulentum</strong></span> <span class='ocrx_word' id='word_1_151' title='bbox 1589 2039 1874 2105; x_wconf 89' lang='lat' dir='ltr'><strong>furorem</strong></span> <span class='ocrx_word' id='word_1_152' title='bbox 1924 2040 1995 2104; x_wconf 87' lang='lat' dir='ltr'><strong>in</strong></span> <span class='ocrx_word' id='word_1_153' title='bbox 2041 2061 2148 2103; x_wconf 89' lang='lat' dir='ltr'><strong>me</strong></span> 
     </span>
     <span class='ocr_line' id='line_1_23' title="bbox 233 2126 2147 2212; baseline 0 -20"><span class='ocrx_word' id='word_1_154' title='bbox 233 2149 436 2192; x_wconf 91' lang='lat' dir='ltr'><strong>unum</strong></span> <span class='ocrx_word' id='word_1_155' title='bbox 481 2126 835 2193; x_wconf 88' lang='lat' dir='ltr'><strong>effunderet</strong></span> <span class='ocrx_word' id='word_1_156' title='bbox 877 2148 1104 2212; x_wconf 90' lang='lat' dir='ltr'><strong>meque</strong></span> <span class='ocrx_word' id='word_1_157' title='bbox 1149 2131 1291 2192; x_wconf 89' lang='lat' dir='ltr'><strong>tum</strong></span> <span class='ocrx_word' id='word_1_158' title='bbox 1337 2129 1563 2193; x_wconf 88' lang='lat' dir='ltr'><strong>elicere</strong></span> <span class='ocrx_word' id='word_1_159' title='bbox 1617 2129 1812 2193; x_wconf 81' lang='lat' dir='ltr'><strong>vellet</strong></span> <span class='ocrx_word' id='word_1_160' title='bbox 1866 2127 1947 2193; x_wconf 92' lang='lat' dir='ltr'><strong>ad</strong></span> <span class='ocrx_word' id='word_1_161' title='bbox 2003 2148 2147 2193; x_wconf 83' lang='lat' dir='ltr'><strong>cae-</strong></span> 
     </span>
     <span class='ocr_line' id='line_1_24' title="bbox 233 2216 2144 2319; baseline 0 -39"><span class='ocrx_word' id='word_1_162' title='bbox 233 2216 332 2280; x_wconf 87' lang='lat' dir='ltr'><strong>dis</strong></span> <span class='ocrx_word' id='word_1_163' title='bbox 359 2236 638 2301; x_wconf 83' lang='lat' dir='ltr'><strong>causam,</strong></span> <span class='ocrx_word' id='word_1_164' title='bbox 662 2219 803 2282; x_wconf 90' lang='lat' dir='ltr'><strong>tum</strong></span> <span class='ocrx_word' id='word_1_165' title='bbox 827 2219 1178 2301; x_wconf 87' lang='lat' dir='ltr'><strong>temptaret</strong></span> <span class='ocrx_word' id='word_1_166' title='bbox 1202 2216 1516 2319; x_wconf 77' lang='lat' dir='ltr'><strong>insidiis3</strong></span> <span class='ocrx_word' id='word_1_167' title='bbox 1499 2238 1710 2301; x_wconf 94' lang='lat' dir='ltr'><strong>quem</strong></span> <span class='ocrx_word' id='word_1_168' title='bbox 1738 2237 1859 2303; x_wconf 88' lang='lat' dir='ltr'><strong>ego</strong></span> <span class='ocrx_word' id='word_1_169' title='bbox 1887 2220 2144 2282; x_wconf 87' lang='lat' dir='ltr'><strong>ructan-</strong></span> 
     </span>
     <span class='ocr_line' id='line_1_25' title="bbox 230 2302 2210 2375; baseline 0.003 -5"><span class='ocrx_word' id='word_1_170' title='bbox 230 2307 364 2370; x_wconf 89' lang='lat' dir='ltr'><strong>tem</strong></span> <span class='ocrx_word' id='word_1_171' title='bbox 427 2307 494 2370; x_wconf 91' lang='lat' dir='ltr'><strong>et</strong></span> <span class='ocrx_word' id='word_1_172' title='bbox 552 2309 974 2372; x_wconf 89' lang='lat' dir='ltr'><strong>nauseantem</strong></span> <span class='ocrx_word' id='word_1_173' title='bbox 1037 2305 1282 2371; x_wconf 90' lang='lat' dir='ltr'><strong>conieci</strong></span> <span class='ocrx_word' id='word_1_174' title='bbox 1333 2305 1405 2369; x_wconf 89' lang='lat' dir='ltr'><strong>in</strong></span> <span class='ocrx_word' id='word_1_175' title='bbox 1459 2302 1749 2370; x_wconf 87' lang='lat' dir='ltr'><strong>Caesaris</strong></span> <span class='ocrx_word' id='word_1_176' title='bbox 1806 2303 2146 2370; x_wconf 85' lang='lat' dir='ltr'><strong>Octaviani</strong></span> <span class='ocrx_word' id='word_1_177' title='bbox 2201 2367 2210 2375; x_wconf 88' lang='lat'><strong>.</strong></span> 
     </span>
     <span class='ocr_line' id='line_1_26' title="bbox 231 2393 2145 2481; baseline 0.001 -24"><span class='ocrx_word' id='word_1_178' title='bbox 231 2394 486 2479; x_wconf 81' lang='lat' dir='ltr'><strong>plagas3</strong></span> <span class='ocrx_word' id='word_1_179' title='bbox 530 2415 690 2479; x_wconf 91' lang='lat' dir='ltr'><strong>puer</strong></span> <span class='ocrx_word' id='word_1_180' title='bbox 726 2394 899 2459; x_wconf 90' lang='lat' dir='ltr'><strong>enim</strong></span> <span class='ocrx_word' id='word_1_181' title='bbox 934 2394 1233 2481; x_wconf 83' lang='lat' dir='ltr'><strong>egregius</strong></span> <span class='ocrx_word' id='word_1_182' title='bbox 1269 2393 1660 2479; x_wconf 89' lang='lat' dir='ltr'><strong>praesidium</strong></span> <span class='ocrx_word' id='word_1_183' title='bbox 1697 2394 1821 2459; x_wconf 89' lang='lat' dir='ltr'><strong>sibi</strong></span> <span class='ocrx_word' id='word_1_184' title='bbox 1864 2394 2145 2479; x_wconf 89' lang='lat' dir='ltr'><strong>primum</strong></span> 
     </span>
     <span class='ocr_line' id='line_1_27' title="bbox 233 2482 2148 2568; baseline 0 -22"><span class='ocrx_word' id='word_1_185' title='bbox 233 2485 300 2547; x_wconf 91' lang='lat' dir='ltr'><strong>et</strong></span> <span class='ocrx_word' id='word_1_186' title='bbox 341 2482 557 2567; x_wconf 90' lang='lat' dir='ltr'><strong>nobis,</strong></span> <span class='ocrx_word' id='word_1_187' title='bbox 610 2482 839 2548; x_wconf 87' lang='lat' dir='ltr'><strong>deinde</strong></span> <span class='ocrx_word' id='word_1_188' title='bbox 894 2503 1180 2556; x_wconf 90' lang='lat' dir='ltr'><strong>summae</strong></span> <span class='ocrx_word' id='word_1_189' title='bbox 1225 2483 1319 2547; x_wconf 90' lang='lat' dir='ltr'><strong>rei</strong></span> <span class='ocrx_word' id='word_1_190' title='bbox 1372 2482 1668 2568; x_wconf 90' lang='lat' dir='ltr'><strong>publicae</strong></span> <span class='ocrx_word' id='word_1_191' title='bbox 1720 2484 2148 2567; x_wconf 81' lang='lat' dir='ltr'><strong>comparavit3</strong></span> 
     </span>
     <span class='ocr_line' id='line_1_28' title="bbox 234 2569 2147 2656; baseline 0 -21"><span class='ocrx_word' id='word_1_192' title='bbox 234 2570 343 2656; x_wconf 91' lang='lat' dir='ltr'><strong>qui</strong></span> <span class='ocrx_word' id='word_1_193' title='bbox 388 2570 516 2635; x_wconf 90' lang='lat' dir='ltr'><strong>nisi</strong></span> <span class='ocrx_word' id='word_1_194' title='bbox 558 2571 816 2656; x_wconf 82' lang='lat' dir='ltr'><strong>fuisset,</strong></span> <span class='ocrx_word' id='word_1_195' title='bbox 859 2569 1134 2637; x_wconf 86' lang='lat' dir='ltr'><strong>Antonii</strong></span> <span class='ocrx_word' id='word_1_196' title='bbox 1177 2572 1421 2636; x_wconf 89' lang='lat' dir='ltr'><strong>reditus</strong></span> <span class='ocrx_word' id='word_1_197' title='bbox 1467 2592 1508 2636; x_wconf 91' lang='lat' dir='ltr'><strong>a</strong></span> <span class='ocrx_word' id='word_1_198' title='bbox 1551 2569 1897 2636; x_wconf 90' lang='lat' dir='ltr'><strong>Brundisio</strong></span> <span class='ocrx_word' id='word_1_199' title='bbox 1942 2571 2147 2656; x_wconf 88' lang='lat' dir='ltr'><strong>pestis</strong></span> 
     </span>
     <span class='ocr_line' id='line_1_29' title="bbox 232 2658 2146 2745; baseline 0 -20"><span class='ocrx_word' id='word_1_200' title='bbox 232 2660 479 2745; x_wconf 87' lang='lat' dir='ltr'><strong>patriae</strong></span> <span class='ocrx_word' id='word_1_201' title='bbox 549 2659 795 2725; x_wconf 90' lang='lat' dir='ltr'><strong>fuisset.</strong></span> <span class='ocrx_word' id='word_1_202' title='bbox 913 2658 1088 2736; x_wconf 86' lang='lat' dir='ltr'><strong>Quae</strong></span> <span class='ocrx_word' id='word_1_203' title='bbox 1162 2660 1463 2745; x_wconf 87' lang='lat' dir='ltr'><strong>deinceps</strong></span> <span class='ocrx_word' id='word_1_204' title='bbox 1534 2662 1681 2725; x_wconf 88' lang='lat' dir='ltr'><strong>acta</strong></span> <span class='ocrx_word' id='word_1_205' title='bbox 1752 2659 1909 2744; x_wconf 87' lang='lat' dir='ltr'><strong>sint,</strong></span> <span class='ocrx_word' id='word_1_206' title='bbox 1983 2660 2146 2725; x_wconf 85' lang='lat' dir='ltr'><strong>scire</strong></span> 
     </span>
    </p>

    <p class='ocr_par' dir='ltr' id='par_1_5' title="bbox 159 2745 2147 3098">
     <span class='ocr_line' id='line_1_30' title="bbox 159 2745 2145 2834; baseline -0.001 -19"><span class='ocrx_word' id='word_1_207' title='bbox 159 2766 195 2815; x_wconf 79' lang='lat'>5</span> <span class='ocrx_word' id='word_1_208' title='bbox 231 2752 297 2814; x_wconf 88' lang='lat' dir='ltr'><strong>te</strong></span> <span class='ocrx_word' id='word_1_209' title='bbox 353 2747 648 2813; x_wconf 79' lang='lat' dir='ltr'><strong>arbitror.</strong></span> <span class='ocrx_word' id='word_1_210' title='bbox 739 2745 863 2813; x_wconf 82' lang='lat' dir='ltr'><strong>Sed</strong></span> <span class='ocrx_word' id='word_1_211' title='bbox 902 2747 1240 2814; x_wconf 90' lang='lat' dir='ltr'><strong>redeamus</strong></span> <span class='ocrx_word' id='word_1_212' title='bbox 1281 2749 1459 2834; x_wconf 88' lang='lat' dir='ltr'><strong>illuc,</strong></span> <span class='ocrx_word' id='word_1_213' title='bbox 1504 2748 1676 2813; x_wconf 88' lang='lat' dir='ltr'><strong>unde</strong></span> <span class='ocrx_word' id='word_1_214' title='bbox 1731 2748 2145 2813; x_wconf 84' lang='lat' dir='ltr'><strong>devertimus:</strong></span> 
     </span>
     <span class='ocr_line' id='line_1_31' title="bbox 233 2835 2147 2922; baseline -0.001 -20"><span class='ocrx_word' id='word_1_215' title='bbox 233 2837 477 2921; x_wconf 80' lang='lat' dir='ltr'><strong>accipio</strong></span> <span class='ocrx_word' id='word_1_216' title='bbox 543 2836 1017 2902; x_wconf 87' lang='lat' dir='ltr'><strong>excusationem</strong></span> <span class='ocrx_word' id='word_1_217' title='bbox 1078 2840 1260 2901; x_wconf 86' lang='lat' dir='ltr'><strong>tuam</strong></span> <span class='ocrx_word' id='word_1_218' title='bbox 1325 2838 1404 2902; x_wconf 88' lang='lat' dir='ltr'><strong>de</strong></span> <span class='ocrx_word' id='word_1_219' title='bbox 1467 2835 1872 2922; x_wconf 83' lang='lat' dir='ltr'><strong>Semproni03</strong></span> <span class='ocrx_word' id='word_1_220' title='bbox 1935 2858 2147 2922; x_wconf 91' lang='lat' dir='ltr'><strong>neque</strong></span> 
     </span>
     <span class='ocr_line' id='line_1_32' title="bbox 233 2925 2147 3011; baseline -0.001 -21"><span class='ocrx_word' id='word_1_221' title='bbox 233 2926 405 2990; x_wconf 91' lang='lat' dir='ltr'><strong>enim</strong></span> <span class='ocrx_word' id='word_1_222' title='bbox 464 2925 694 2990; x_wconf 87' lang='lat' dir='ltr'><strong>statuti</strong></span> <span class='ocrx_word' id='word_1_223' title='bbox 756 2925 908 3010; x_wconf 88' lang='lat' dir='ltr'><strong>quid</strong></span> <span class='ocrx_word' id='word_1_224' title='bbox 978 2926 1050 2990; x_wconf 85' lang='lat' dir='ltr'><strong>in</strong></span> <span class='ocrx_word' id='word_1_225' title='bbox 1111 2929 1298 2991; x_wconf 86' lang='lat' dir='ltr'><strong>tanta</strong></span> <span class='ocrx_word' id='word_1_226' title='bbox 1358 2926 1843 3011; x_wconf 88' lang='lat' dir='ltr'><strong>perturbatione</strong></span> <span class='ocrx_word' id='word_1_227' title='bbox 1904 2926 2147 2991; x_wconf 85' lang='lat' dir='ltr'><strong>habere</strong></span> 
     </span>
     <span class='ocr_line' id='line_1_33' title="bbox 229 3014 518 3098; baseline -0.01 -18"><span class='ocrx_word' id='word_1_228' title='bbox 229 3014 518 3098; x_wconf 87' lang='lat' dir='ltr'><strong>potuisti.</strong></span> 
     </span>
    </p>

    <p class='ocr_par' dir='ltr' id='par_1_6' title="bbox 321 3134 2146 3310">
     <span class='ocr_line' id='line_1_34' title="bbox 321 3134 2146 3224; baseline 0.002 -24"><span class='ocrx_word' id='word_1_229' title='bbox 321 3134 513 3200; x_wconf 88' lang='lat' dir='ltr'><strong>Nunc</strong></span> <span class='ocrx_word' id='word_1_230' title='bbox 565 3135 673 3202; x_wconf 78' lang='lat' dir='ltr'><strong>hic</strong></span> <span class='ocrx_word' id='word_1_231' title='bbox 735 3137 871 3202; x_wconf 86' lang='lat' dir='ltr'><strong>dies</strong></span> <span class='ocrx_word' id='word_1_232' title='bbox 935 3138 1129 3202; x_wconf 91' lang='lat' dir='ltr'><strong>aliam</strong></span> <span class='ocrx_word' id='word_1_233' title='bbox 1181 3138 1382 3202; x_wconf 83' lang='lat' dir='ltr'><strong>vitam</strong></span> <span class='ocrx_word' id='word_1_234' title='bbox 1443 3138 1653 3224; x_wconf 85' lang='lat' dir='ltr'><strong>affert,</strong></span> <span class='ocrx_word' id='word_1_235' title='bbox 1717 3139 1877 3204; x_wconf 90' lang='lat' dir='ltr'><strong>alios</strong></span> <span class='ocrx_word' id='word_1_236' title='bbox 1932 3160 2146 3204; x_wconf 86' lang='lat' dir='ltr'><strong>mores</strong></span> 
     </span>
     <span class='ocr_line' id='line_1_35' title="bbox 869 3227 1183 3311; baseline -0.007 -20"><span class='ocrx_word' id='word_1_237' title='bbox 869 3227 1183 3311; x_wconf 83' lang='lat' dir='ltr'><strong>postulat,</strong></span> 
     </span>
    </p>
   </div>
   <div class='ocr_carea' id='block_1_3' title="bbox 235 3393 2143 3543">
    <p class='ocr_par' dir='ltr' id='par_1_7' title="bbox 235 3393 2143 3543">
     <span class='ocr_line' id='line_1_36' title="bbox 375 3393 2143 3474; baseline 0.007 -29"><span class='ocrx_word' id='word_1_238' title='bbox 375 3393 478 3462; x_wconf 87' lang='lat' dir='ltr'><strong>Ep</strong></span> <span class='ocrx_word' id='word_1_239' title='bbox 508 3400 591 3463; x_wconf 82' lang='lat'><strong>25,</strong></span> <span class='ocrx_word' id='word_1_240' title='bbox 622 3402 670 3449; x_wconf 82' lang='lat'><strong>3.</strong></span> <span class='ocrx_word' id='word_1_241' title='bbox 726 3415 1028 3467; x_wconf 78' lang='lat' dir='ltr'><strong>q.caecmn</strong></span> <span class='ocrx_word' id='word_1_242' title='bbox 1063 3405 1165 3455; x_wconf 86' lang='lat' dir='ltr'><strong>tem</strong></span> <span class='ocrx_word' id='word_1_243' title='bbox 1206 3402 1319 3469; x_wconf 82' lang='lat' dir='ltr'><strong>us(</strong></span> <span class='ocrx_word' id='word_1_244' title='bbox 1300 3402 1444 3469; x_wconf 82' lang='lat' dir='ltr'><strong>(edd.</strong></span> <span class='ocrx_word' id='word_1_245' title='bbox 1476 3403 1669 3474; x_wconf 78' lang='lat' dir='ltr'><strong>aliq.)?</strong></span> <span class='ocrx_word' id='word_1_246' title='bbox 1707 3432 1774 3444; x_wconf 89' lang='lat'>—</span> <span class='ocrx_word' id='word_1_247' title='bbox 1814 3402 1964 3459; x_wconf 76' lang='lat' dir='ltr'><strong>omni</strong></span> <span class='ocrx_word' id='word_1_248' title='bbox 1996 3401 2143 3471; x_wconf 73' lang='lat' dir='ltr'><strong>festi·</strong></span> 
     </span>
     <span class='ocr_line' id='line_1_37' title="bbox 235 3463 1559 3543; baseline 0.01 -27"><span class='ocrx_word' id='word_1_249' title='bbox 235 3463 459 3518; x_wconf 74' lang='lat' dir='ltr'><strong>natione</strong></span> <span class='ocrx_word' id='word_1_250' title='bbox 494 3464 605 3532; x_wconf 68' lang='lat' dir='ltr'><strong>(M,</strong></span> <span class='ocrx_word' id='word_1_251' title='bbox 640 3467 851 3539; x_wconf 79' lang='lat' dir='ltr'><strong>vulgo).</strong></span> <span class='ocrx_word' id='word_1_252' title='bbox 928 3470 997 3541; x_wconf 89' lang='grc' dir='ltr'><strong>[ο.</strong></span> <span class='ocrx_word' id='word_1_253' title='bbox 1035 3471 1105 3543; x_wconf 76' lang='lat' dir='ltr'><strong>fi]</strong></span> <span class='ocrx_word' id='word_1_254' title='bbox 1195 3472 1458 3543; x_wconf 79' lang='lat' dir='ltr'><strong>uhnken.²</strong></span> <span class='ocrx_word' id='word_1_255' title='bbox 1496 3474 1559 3528; x_wconf 91' lang='lat' dir='ltr'><strong>B.</strong></span> 
     </span>
    </p>
   </div>
  </div>
 </body>
</html>
