2338 3691
209 120 334 184 108
769 119 844 174 M.
882 116 1131 174 TULLII
1167 112 1551 171 CICERONIS

206 265 522 350 percipias
560 299 644 311 -—
685 264 857 347 quod
903 263 1098 328 etiam
1142 261 1352 326 maius
1397 261 1599 327 videri
1645 262 1811 327 solet
1854 295 1959 345 -‚
2003 261 2125 325 mi-

136 367 167 415 2
206 376 330 418 nus
383 353 695 419 laborare.
793 353 887 418 At
939 352 1060 416 tibi
1113 351 1179 436 ip
1184 352 1239 416 si
1294 350 1634 415 dicendum
1692 350 1817 415 erit
1860 349 2128 435 aliquid,

207 442 378 527 quod
424 464 561 508 non
597 441 858 526 senffiaS‚
903 445 1017 506 aut
1055 375 1443 525 fagiendum,
1488 438 1660 523 quod
1694 460 1831 504 non
1865 440 2126 524 probes.

204 530 494 596 Primum
547 532 821 615 tempori
878 530 1126 614 cedere,
1179 529 1246 594 id
1302 532 1402 593 est
1453 528 1823 593 necessitati
1876 550 2127 614 parere,

207 641 459 704 semper
520 619 830 704 sapientis
886 622 986 684 est
1045 619 1369 702 habitum3
1425 617 1650 682 deinde
1714 639 1849 682 non
1901 616 2129 702 habet,

205 711 281 774 ut
333 730 507 774 nunc
562 709 820 793 quidem
874 711 998 791 est,
1051 708 1119 774 id
1173 707 1316 772 vitii
1370 728 1497 772 res:
1563 706 1770 771 dicere
1823 706 2127 790 fortasse,

207 819 370 882 quae
426 798 694 882 sentias,
749 820 883 863 non
937 798 1113 882 licet,
1165 800 1378 862 tacere
1431 796 1624 880 plane
1670 796 1845 879 licet3
1899 796 2129 861 omnia

206 887 380 951 enim
433 887 647 952 delata
701 887 801 952 ad·
835 908 1038 951 unum
1101 890 1280 952 sunt.
1339 886 1394 950 is
1452 886 1656 949 utitur
1719 884 1988 950 consilio
2036 906 2126 948 ne

206 996 469 1041 suorum
534 975 819 1061 quidem,
883 975 995 1041 sed
1055 997 1200 1059 suo;
1265 974 1437 1058 quod
1489 996 1625 1039 non
1683 974 1886 1038 multo
1934 994 2125 1038 secus

204 1064 414 1149 fieret,
458 1064 514 1131 si
556 1066 613 1130 is
659 1086 795 1130 rem
840 1065 1165 1150 publicam
1210 1067 1486 1145 teneret,
1532 1085 1722 1147 quem
1766 1063 1969 1128 secuti
2016 1084 2125 1128 su·

206 1174 375 1219 mus:
422 1175 525 1238 an,
570 1154 681 1238 qui
724 1153 797 1218 in
840 1154 1030 1238 bello,
1074 1174 1274 1237 quum
1311 1152 1599 1218 omnium
1633 1155 1929 1217 nostrum
1967 1173 2126 1217 con-

205 1243 496 1308 iunctum
533 1246 703 1308 esset
736 1243 1109 1327 periculum,
1152 1263 1271 1307 suo
1318 1245 1385 1306 et
1420 1244 1740 1307 certorum
1778 1241 2125 1307 hominum

205 1333 467 1397 minime
530 1332 944 1417 prudentium
998 1331 1267 1396 consilio
1323 1334 1636 1415 uteretur,
1699 1352 1844 1396 eum
1907 1331 2124 1415 magis

207 1442 612 1487 communem
675 1442 1007 1486 censemus
1070 1420 1141 1484 in
1204 1419 1475 1485 victoria
1534 1419 1827 1485 futurum
1897 1420 2124 1507 fuisse,

208 1531 402 1594 quam
446 1510 707 1575 incertis
751 1511 823 1574 in
866 1510 1058 1574 rebus
1094 1508 1368 1574 fuisset?
1415 1511 1498 1592 et,
1544 1509 1654 1592 qui
1699 1530 1818 1574 nec
1860 1511 1927 1573 te
1963 1530 2123 1575 con-

206 1599 343 1663 sule
396 1601 581 1663 tuum
636 1599 1183 1683 sapientissimum
1237 1597 1576 1664 consilium
1633 1600 1888 1673 secutus
1947 1604 2125 1664 esset

206 1707 326 1750 nec
376 1687 578 1751 fratre
630 1690 745 1751 tuo
801 1687 1209 1752 consulatum
1271 1708 1348 1752 ex
1403 1687 1785 1752 auctoritate
1837 1689 1954 1751 tua
2009 1708 2122 1774 ge·

205 1778 387 1839 rente
449 1775 632 1840 vobis
698 1775 1067 1841 auctoribus
1131 1776 1228 1840 uti
1290 1776 1591 1860 voluerit,
1658 1796 1833 1840 nunc
1896 1778 2122 1841 omnia

204 1866 534 1929 tenentem
588 1867 844 1930 nostras
905 1866 1259 1930 sententias
1324 1854 1830 1931 desideraturum
1893 1886 2122 1932 censes

136 1961 170 2011 8
206 1952 450 2018 fuisse?
540 1951 775 2018 Omnia
829 1956 984 2018 sunt
1034 1955 1271 2019 misera
1322 1954 1394 2018 in
1447 1954 1632 2019 bellis
1688 1955 1980 2019 civilibus
2029 1993 2120 2002 —

208 2063 371 2126 quae
416 2040 690 2107 maiores
735 2043 941 2108 nostri
986 2063 1069 2108 ne
1108 2042 1305 2108 semel
1346 2043 1621 2127 quidem,
1666 2047 1891 2109 nostra
1936 2048 2120 2110 aetas

207 2151 397 2214 saepe
440 2130 571 2194 iam
615 2131 820 2196 sensit
862 2168 975 2217 —‚
1029 2130 1140 2197 sed
1186 2132 1479 2196 miserius
1524 2131 1688 2197 nihil
1734 2154 1925 2217 quam
1972 2134 2123 2218 ipsa

206 2219 494 2304 victoria,
538 2241 720 2305 quae,
765 2220 1016 2285 etiamsi
1052 2219 1134 2285 ad
1172 2220 1466 2285 meliores
1507 2220 1704 2305 venit,
1746 2223 1968 2285 tamen
2003 2243 2119 2288 eos

205 2308 381 2393 ipsos
424 2308 769 2374 ferociores
805 2310 1419 2394 impotentioresque
1454 2309 1682 2394 reddit,
1724 2314 1817 2395 ut,
1861 2310 2121 2376 etiamsi

205 2400 443 2462 natura
492 2398 656 2463 tales
712 2420 845 2464 non
901 2399 1059 2483 sint,
1120 2398 1504 2463 necessitate
1568 2420 1708 2464 esse
1772 2402 2120 2486 cogantur3

205 2487 409 2550 multa
454 2486 627 2551 enim
671 2487 898 2552 victori
944 2509 1166 2551 eorum
1212 2487 1506 2571 arbitrio,
1558 2508 1674 2572 per
1728 2509 1888 2572 quos
1943 2489 2119 2575 vicit,

206 2575 401 2640 etiam
453 2575 659 2641 invito
711 2575 1009 2640 facienda
1071 2578 1241 2639 sunt.
1349 2574 1458 2640 An
1517 2578 1593 2640 tu
1654 2598 1790 2642 non
1851 2577 2117 2643 videbas

204 2686 455 2730 mecum
492 2663 701 2748 simul,
746 2686 939 2749 quam
974 2664 1088 2728 illa
1124 2664 1397 2729 crudelis
1438 2668 1611 2730 esset
1650 2665 1873 2730 futura
1917 2667 2119 2732 victo-

204 2754 345 2818 ria?
407 2753 608 2840 igitur
668 2756 808 2818 tum
864 2774 1117 2837 quoque
1181 2774 1428 2819 careres
1481 2754 1719 2840 patria,
1776 2776 1859 2819 ne
1870 2805 1887 2839 ,
1950 2777 2118 2840 quae

204 2843 440 2926 nolles,
493 2841 786 2907 videres?
883 2840 1126 2927 „Non“,
1188 2842 1440 2927 inquies
1451 2894 1469 2927 ‚
1529 2864 1688 2930 „ego
1742 2844 1913 2909 enim
1977 2845 2117 2929 ipse

203 2932 490 2995 tenerem
537 2951 692 3016 opes
738 2933 805 2995 et
849 2930 1233 3017 dignitatem
1277 2931 1541 2996 meam.“
1628 2931 1720 2996 At
1771 2936 1911 2997 erat
1965 2936 2117 2998 tuae

204 3019 462 3084 virtutis
505 3020 577 3084 in
622 3019 905 3085 minimis
949 3023 1096 3085 tuas
1142 3041 1245 3085 res
1291 3041 1556 3104 ponere,
1610 3021 1689 3085 de
1733 3042 1803 3086 re
1856 3022 2120 3106 publica

205 3106 647 3173 vehementius
690 3108 1004 3174 laborare.
1085 3108 1337 3174 Deinde
1384 3110 1493 3194 (1111
1537 3109 1686 3174 finis
1731 3110 1917 3174 istius
1965 3133 2118 3177 con-

346 3261 449 3331 Ep.
490 3269 548 3329 9,
582 3269 627 3316 1.
718 3266 1001 3334 percipias
1028 3297 1093 3307 —
1124 3268 1319 3337 quod.
1379 3267 1560 3322 ‚solet
1594 3297 1689 3333 —-,
1732 3268 1916 3323 minus
1963 3268 2075 3334 (W.
2080 3272 2117 3339 ).

202 3347 278 3399 μ,
315 3348 362 3400 q.
405 3374 452 3386 ..
475 3374 487 3387 .
525 3346 588 3397 3.,
623 3348 691 3386 m.
732 3335 920 3404 vulgo
1020 3342 1069 3391 3.
1135 3307 1391 3392 civilib'us
1424 3368 1491 3377 —
1527 3353 1715 3407 quae.
1775 3339 1992 3393 ‚sensit
2030 3370 2119 3407 —,

203 3403 299 3457 sed
335 3401 487 3470 (W.).
561 3416 624 3468 c.,
660 3418 799 3472 quae
828 3445 839 3457 .
864 3447 874 3458 .
898 3446 910 3458 .
939 3420 1015 3471 a,-
1049 3408 1143 3462 sed
1168 3408 1230 3463 B.
1269 3438 1335 3448 —
1376 3412 1494 3464 tum
1526 3423 1736 3479 quoque
1739 3379 1911 3478 '(W.).
1985 3413 2121 3465 tunc

205 3488 254 3541 q.
292 3472 479 3541 vulgo.
