2338 3691
255 106 384 171 332
821 106 894 160 Μ.
934 104 1182 160 TULLII
1218 103 1601 159 CICERONIS

253 251 498 316 fessum
569 251 650 314 ad
722 250 1072 353 pristinam
1135 248 1441 315 virtutem
1512 247 2167 352 consuetudinemque

253 340 550 405 revocavi
614 339 820 425 magis
876 340 1077 404 animi
1135 360 1330 423 quam
1383 338 1630 424 ingenii
1684 337 1944 403 viribus.
2043 336 2166 402 Hic

256 429 391 494 dies
454 449 721 511 meaque
786 428 1115 493 contentio
1174 431 1367 512 atque
1431 427 1600 493 actio
1657 449 1837 511 spem
1887 427 2168 512 primum

253 518 495 603 populo
541 516 837 582 Romano
885 518 1106 582 attulit
1140 516 1458 581 libertatis
1503 516 2005 601 recuperandae3
2049 538 2168 580 nec

252 628 405 671 vero
449 607 588 691 ipse
633 610 861 691 postea
904 610 1159 691 tempus
1205 607 1410 670 ullum
1453 605 1769 670 intermisi
1816 605 1892 670 de
1938 627 2006 668 re
2054 628 2168 691 pu-

253 695 423 759 blica
465 717 601 760 non
639 696 970 780 cogitandi
1005 697 1233 779 solum,
1279 694 1389 759 sed
1426 694 1622 760 etiam
1659 694 1910 780 agendi.
1984 692 2168 770 Quod
2202 726 2209 733 ·

254 785 381 849 nisi
425 805 527 849 res
580 784 863 849 urbanas
918 788 1188 868 actaque
1235 785 1470 849 omnia·
1507 785 1588 849 ad
1634 787 1699 848 te
1754 783 2025 867 perferri
2072 805 2166 848 ar-

254 873 545 957 bitrarer,
589 872 727 956 ipse
772 873 1258 958 perscriberem,
1314 894 1706 957 quamquam
1751 894 1926 938 eram
1971 873 2166 936 maxi-

254 962 377 1026 mis
414 962 965 1046 occupationibus
1019 962 1384 1048 impeditus.
1474 959 1599 1044 Sed
1653 963 1765 1026 illa
1818 981 2167 1047 cognosces

254 1072 332 1115 ex
386 1051 557 1135 aliis3
619 1072 660 1114 a
713 1073 818 1116 me
867 1072 1101 1136 pauca,
1155 1054 1224 1117 et
1276 1073 1355 1117 ea
1408 1052 1802 1115 summatim·
1854 1050 2166 1114 habemus

254 1139 490 1205 fortem
536 1144 876 1225 senaturn,
904 1142 1273 1206 consulares
1317 1141 1556 1225 partim
1599 1139 1886 1223 timidos,
1929 1140 2167 1224 partim

254 1230 423 1295 male
478 1228 856 1313 sentientes;
918 1250 1229 1316 magnum
1284 1228 1592 1294 damnum
1647 1229 1892 1294 factum
1947 1233 2048 1293 est
2099 1231 2167 1294 in

256 1314 505 1402 Servi03
549 1317 622 1384 L.
668 1316 906 1384 Caesar
969 1320 1210 1420 optime
1274 1319 1498 1402 sentit,
1553 1318 1690 1402 sed,
1752 1316 1926 1401 quod
1971 1339 2167 1382 avun-

256 1408 437 1472 culus
484 1410 607 1492 est,
660 1430 797 1475 non
842 1408 1185 1473 acerrimas
1231 1408 1387 1473 dicit
1439 1407 1819 1490 sententias3
1873 1409 2167 1472 consules

255 1497 517 1582 egregii,
551 1498 920 1582 praeclarus
956 1497 1035 1562 D.
1074 1497 1338 1580 Brutus,
1384 1497 1681 1582 egregius
1717 1516 1878 1581 puer
1915 1493 2168 1580 Caesar,

257 1585 334 1648 de
399 1607 526 1670 quo
591 1608 778 1689 spero
839 1586 1133 1670 equidem
1187 1588 1464 1671 reliqua,
1526 1586 1650 1651 hoc
1703 1606 1857 1650 vero
1922 1590 2166 1651 certum

255 1673 522 1758 habeto,
582 1675 711 1740 nisi
762 1675 871 1740 ille
930 1680 1269 1742 veteranos
1333 1676 1621 1741 celeriter
1684 1674 2169 1776 conscripsisset

255 1763 671 1848 legionesque
735 1762 899 1828 duae
963 1765 1040 1828 de
1097 1765 1379 1831 exercitu
1432 1764 1707 1829 Antonii
1770 1764 1851 1828 ad
1907 1764 2045 1829 eius
2101 1785 2166 1828 se

257 1853 709 1917 auctoritatem
768 1855 1197 1920 contulissent
1250 1858 1442 1939 atque
1495 1855 1551 1919 is
1608 1854 1943 1939 oppositus
2000 1840 2168 1918 esset

256 1943 465 2005 terror
508 1940 820 2025 Antonio,
864 1942 1030 2009 nihil
1073 1942 1436 2009 Antonium
1483 1944 1765 2027 sceleris,
1816 1942 1982 2008 nihil
2028 1964 2167 2007 cru-

258 2028 539 2095 delitatis
575 2032 1070 2114 praeteriturum
1105 2032 1323 2097 fuisse.
1392 2032 1572 2097 Haec
1608 2033 1746 2116 tibi,
1792 2032 1913 2097 etsi
1949 2032 2168 2096 audita

258 2139 396 2183 esse
452 2119 839 2204 arbitrabar,
892 2121 1067 2186 volui
1128 2124 1350 2186 tamen
1403 2122 1661 2188 notiora
1714 2143 1869 2187 esse.
1972 2120 2167 2186 Plura

257 2206 550 2294 scribam,
594 2209 651 2274 si
693 2210 843 2294 plus
886 2210 1004 2275 otii
1047 2209 1356 2276 habuero·

1088 2402 1331 2471 XXIX.

555 2515 668 2572 Scr.
709 2532 857 2572 anno
891 2534 947 2573 u.
985 2533 1032 2571 c.
1073 2524 1173 2572 711
1206 2517 1419 2589 (paullo
1456 2518 1587 2574 ante
1622 2516 1718 2587 XI,
1756 2520 1883 2588 22).·

858 2640 1113 2697 CICERO
1151 2641 1367 2699 APPIO
1407 2640 1558 2698 SAL.

389 2740 489 2807 De
510 2739 517 2750 ⁸
534 2762 678 2808 meo
735 2741 948 2808 studio
1006 2762 1162 2829 erga
1217 2744 1492 2811 salutem
1550 2745 1617 2809 et
1658 2743 2168 2809 incolumitatem

253 2833 438 2896 tuam
484 2832 673 2896 credo
718 2833 784 2895 te
831 2852 1145 2917 cognosse
1192 2853 1269 2896 ex
1312 2832 1545 2897 litteris
1589 2835 1877 2917 tuorum,
1937 2834 2167 2918 quibus

257 2940 360 2984 me
423 2920 924 2986 cumulatissime
989 2920 1375 2985 satisfecisse
1438 2924 1613 2986 certo
1677 2922 1838 3007 scic,
1909 2944 2029 2988 nec
2090 2924 2168 2987 iis

257 3008 568 3093 concedo,
632 3030 1021 3094 quamquam
1075 3012 1232 3074 sunt
1284 3009 1597 3095 singulari
1648 3010 1719 3075 in
1771 3014 1837 3077 te
1895 3011 2167 3078 benevo-

256 3095 484 3180 lentia,
545 3100 621 3162 ut
671 3102 738 3162 te
793 3099 1044 3163 salvum
1097 3098 1336 3162 malint
1384 3120 1577 3182 quam
1631 3119 1770 3185 ego.
1855 3099 1965 3165 Illi
2011 3101 2167 3165 mihi

257 3202 518 3249 necesse
562 3189 662 3250 est
707 3186 1089 3271 concedant,
1143 3190 1218 3251 ut
1269 3187 1392 3251 tibi
1435 3189 1582 3273 plus
1629 3208 1822 3272 quam
1875 3190 2001 3274 ipsi
2046 3190 2168 3255 hoc

256 3271 545 3352 tempore
589 3274 893 3356 prodesse
937 3275 1209 3360 possim3
1268 3276 1440 3360 quod
1486 3276 1743 3361 quidem
1786 3298 1907 3343 nec
1954 3278 2168 3344 destiti

400 3458 502 3528 Ep.
541 3466 627 3529 28,
656 3469 710 3517 3.
781 3467 1020 3535 reliqua,
1054 3468 1153 3523 hoc
1190 3467 1342 3536 (W.).
1414 3484 1461 3523 r.
1517 3468 1641 3524 Hoc
1677 3469 1863 3540 vulgo·
