<?xml version="1.0" encoding="UTF-8"?>
<!DOCTYPE html PUBLIC "-//W3C//DTD XHTML 1.0 Transitional//EN"
    "http://www.w3.org/TR/xhtml1/DTD/xhtml1-transitional.dtd">
<html xmlns="http://www.w3.org/1999/xhtml" xml:lang="en" lang="en">
 <head>
  <title>
</title>
<meta http-equiv="Content-Type" content="text/html;charset=utf-8" />
  <meta name='ocr-system' content='tesseract 3.04.00' />
  <meta name='ocr-capabilities' content='ocr_page ocr_carea ocr_par ocr_line ocrx_word'/>
</head>
<body>
  <div class='ocr_page' id='page_1' title='image "./scriptaquaemans02wesegoog_0682.png"; bbox 0 0 2338 3691; ppageno 0'>
   <div class='ocr_carea' id='block_1_1' title="bbox 891 223 1565 302">
    <p class='ocr_par' dir='ltr' id='par_1_1' title="bbox 891 223 1565 302">
     <span class='ocr_line' id='line_1_1' title="bbox 891 223 1565 302; baseline 0.003 -12"><span class='ocrx_word' id='word_1_1' title='bbox 891 225 967 302; x_wconf 82' lang='lat' dir='ltr'>Q.</span> <span class='ocrx_word' id='word_1_2' title='bbox 1014 223 1487 292; x_wconf 83' lang='lat' dir='ltr'>CICERONI</span> <span class='ocrx_word' id='word_1_3' title='bbox 1521 225 1565 292; x_wconf 82' lang='lat' dir='ltr'>S</span> 
     </span>
    </p>
   </div>
   <div class='ocr_carea' id='block_1_2' title="bbox 615 352 1946 402">
    <p class='ocr_par' dir='ltr' id='par_1_2' title="bbox 615 352 1946 402">
     <span class='ocr_line' id='line_1_2' title="bbox 615 352 1946 402; baseline 0.003 -6"><span class='ocrx_word' id='word_1_4' title='bbox 615 352 889 396; x_wconf 79' lang='lat' dir='ltr'>VERSUS</span> <span class='ocrx_word' id='word_1_5' title='bbox 938 354 1243 402; x_wconf 73' lang='lat' dir='ltr'><strong>QUIDAM</strong></span> <span class='ocrx_word' id='word_1_6' title='bbox 1287 357 1380 396; x_wconf 74' lang='lat' dir='ltr'>DE</span> <span class='ocrx_word' id='word_1_7' title='bbox 1426 357 1533 397; x_wconf 76' lang='lat'>111</span> <span class='ocrx_word' id='word_1_8' title='bbox 1579 353 1838 400; x_wconf 72' lang='lat' dir='ltr'>SIGNIS.</span> <span class='ocrx_word' id='word_1_9' title='bbox 1944 375 1946 378; x_wconf 70' lang='grc'>’</span> 
     </span>
    </p>
   </div>
   <div class='ocr_carea' id='block_1_3' title="bbox 165 453 2232 2215">
    <p class='ocr_par' dir='ltr' id='par_1_3' title="bbox 165 453 2232 2215">
     <span class='ocr_line' id='line_1_3' title="bbox 263 453 1922 523; baseline 0.003 -5"><span class='ocrx_word' id='word_1_10' title='bbox 263 453 566 519; x_wconf 90' lang='lat' dir='ltr'>Flumina</span> <span class='ocrx_word' id='word_1_11' title='bbox 610 475 808 519; x_wconf 84' lang='lat' dir='ltr'>verna</span> <span class='ocrx_word' id='word_1_12' title='bbox 855 455 1026 520; x_wconf 90' lang='lat' dir='ltr'>cient</span> <span class='ocrx_word' id='word_1_13' title='bbox 1076 456 1350 521; x_wconf 88' lang='lat' dir='ltr'>obscuro</span> <span class='ocrx_word' id='word_1_14' title='bbox 1394 456 1635 522; x_wconf 87' lang='lat' dir='ltr'>lumine</span> <span class='ocrx_word' id='word_1_15' title='bbox 1679 457 1922 523; x_wconf 83' lang='lat' dir='ltr'><strong>Pisces.</strong></span> 
     </span>
     <span class='ocr_line' id='line_1_4' title="bbox 267 540 2034 631; baseline 0.003 -25"><span class='ocrx_word' id='word_1_16' title='bbox 267 540 799 626; x_wconf 69' lang='lat' dir='ltr'>curriculumque</span> <span class='ocrx_word' id='word_1_17' title='bbox 846 541 1036 607; x_wconf 86' lang='lat' dir='ltr'>Aries</span> <span class='ocrx_word' id='word_1_18' title='bbox 1084 548 1325 628; x_wconf 88' lang='lat' dir='ltr'>aequat</span> <span class='ocrx_word' id='word_1_19' title='bbox 1366 546 1705 630; x_wconf 90' lang='lat' dir='ltr'>noctisque</span> <span class='ocrx_word' id='word_1_20' title='bbox 1750 545 2034 631; x_wconf 90' lang='lat' dir='ltr'>dieique·</span> 
     </span>
     <span class='ocr_line' id='line_1_5' title="bbox 268 621 2106 716; baseline 0.002 -20"><span class='ocrx_word' id='word_1_21' title='bbox 268 628 527 696; x_wconf 85' lang='lat' dir='ltr'>Cornua</span> <span class='ocrx_word' id='word_1_22' title='bbox 571 652 761 714; x_wconf 89' lang='lat' dir='ltr'>quem</span> <span class='ocrx_word' id='word_1_23' title='bbox 807 631 1093 697; x_wconf 90' lang='lat' dir='ltr'>condunt</span> <span class='ocrx_word' id='word_1_24' title='bbox 1136 632 1369 696; x_wconf 90' lang='lat' dir='ltr'>florum</span> <span class='ocrx_word' id='word_1_25' title='bbox 1413 634 1829 716; x_wconf 83' lang='lat' dir='ltr'>praenuntia,</span> <span class='ocrx_word' id='word_1_26' title='bbox 1875 621 2106 700; x_wconf 84' lang='lat' dir='ltr'>Tauri.</span> 
     </span>
     <span class='ocr_line' id='line_1_6' title="bbox 264 718 1986 806; baseline 0.003 -25"><span class='ocrx_word' id='word_1_27' title='bbox 264 718 593 802; x_wconf 88' lang='lat' dir='ltr'>Aridaque</span> <span class='ocrx_word' id='word_1_28' title='bbox 640 720 907 783; x_wconf 89' lang='lat' dir='ltr'>aestatis</span> <span class='ocrx_word' id='word_1_29' title='bbox 955 718 1215 783; x_wconf 82' lang='lat' dir='ltr'>Gemini</span> <span class='ocrx_word' id='word_1_30' title='bbox 1261 721 1622 804; x_wconf 89' lang='lat' dir='ltr'>primordia</span> <span class='ocrx_word' id='word_1_31' title='bbox 1668 722 1986 806; x_wconf 82' lang='lat' dir='ltr'>pandunt,</span> 
     </span>
     <span class='ocr_line' id='line_1_7' title="bbox 195 805 2113 891; baseline 0.003 -21"><span class='ocrx_word' id='word_1_32' title='bbox 195 815 229 863; x_wconf 79' lang='lat'>5</span> <span class='ocrx_word' id='word_1_33' title='bbox 264 805 613 890; x_wconf 82' lang='lat' dir='ltr'>Longaque</span> <span class='ocrx_word' id='word_1_34' title='bbox 659 807 790 871; x_wconf 92' lang='lat' dir='ltr'>iam</span> <span class='ocrx_word' id='word_1_35' title='bbox 840 808 1074 872; x_wconf 86' lang='lat' dir='ltr'>minuit</span> <span class='ocrx_word' id='word_1_36' title='bbox 1117 807 1492 891; x_wconf 89' lang='lat' dir='ltr'>praeclarus</span> <span class='ocrx_word' id='word_1_37' title='bbox 1542 809 1787 888; x_wconf 79' lang='lat' dir='ltr'>lumine</span> <span class='ocrx_word' id='word_1_38' title='bbox 1836 807 2113 889; x_wconf 85' lang='lat' dir='ltr'>Cancer,</span> 
     </span>
     <span class='ocr_line' id='line_1_8' title="bbox 265 893 1965 979; baseline 0.002 -21"><span class='ocrx_word' id='word_1_39' title='bbox 265 893 802 979; x_wconf 89' lang='lat' dir='ltr'>Languificosque</span> <span class='ocrx_word' id='word_1_40' title='bbox 846 894 978 960; x_wconf 89' lang='lat' dir='ltr'>Leo</span> <span class='ocrx_word' id='word_1_41' title='bbox 1023 896 1265 978; x_wconf 90' lang='lat' dir='ltr'>proflat</span> <span class='ocrx_word' id='word_1_42' title='bbox 1309 895 1482 960; x_wconf 88' lang='lat' dir='ltr'>ferus</span> <span class='ocrx_word' id='word_1_43' title='bbox 1531 917 1638 960; x_wconf 93' lang='lat' dir='ltr'>ore</span> <span class='ocrx_word' id='word_1_44' title='bbox 1685 896 1965 962; x_wconf 87' lang='lat' dir='ltr'>calores:</span> 
     </span>
     <span class='ocr_line' id='line_1_9' title="bbox 264 983 2190 1070; baseline 0.003 -23"><span class='ocrx_word' id='word_1_45' title='bbox 264 983 425 1047; x_wconf 80' lang='lat' dir='ltr'>Post</span> <span class='ocrx_word' id='word_1_46' title='bbox 472 983 796 1048; x_wconf 90' lang='lat' dir='ltr'>modicum</span> <span class='ocrx_word' id='word_1_47' title='bbox 844 984 1138 1068; x_wconf 88' lang='lat' dir='ltr'>quatiens</span> <span class='ocrx_word' id='word_1_48' title='bbox 1177 983 1386 1068; x_wconf 88' lang='lat' dir='ltr'>Virgo</span> <span class='ocrx_word' id='word_1_49' title='bbox 1431 984 1619 1070; x_wconf 86' lang='lat' dir='ltr'>fugat</span> <span class='ocrx_word' id='word_1_50' title='bbox 1664 989 1809 1048; x_wconf 90' lang='lat' dir='ltr'>orta</span> <span class='ocrx_word' id='word_1_51' title='bbox 1855 1005 2190 1070; x_wconf 84' lang='lat' dir='ltr'>vaporem,</span> 
     </span>
     <span class='ocr_line' id='line_1_10' title="bbox 265 1071 1822 1156; baseline 0.002 -21"><span class='ocrx_word' id='word_1_52' title='bbox 265 1071 582 1136; x_wconf 75' lang='lat' dir='ltr'>Autumni</span> <span class='ocrx_word' id='word_1_53' title='bbox 627 1075 873 1136; x_wconf 75' lang='lat' dir='ltr'>reserat</span> <span class='ocrx_word' id='word_1_54' title='bbox 916 1076 1140 1155; x_wconf 91' lang='lat' dir='ltr'>portas</span> <span class='ocrx_word' id='word_1_55' title='bbox 1192 1076 1548 1156; x_wconf 88' lang='lat' dir='ltr'>aequatque</span> <span class='ocrx_word' id='word_1_56' title='bbox 1594 1072 1822 1138; x_wconf 87' lang='lat' dir='ltr'>diurna</span> 
     </span>
     <span class='ocr_line' id='line_1_11' title="bbox 264 1159 1833 1243; baseline 0.001 -20"><span class='ocrx_word' id='word_1_57' title='bbox 264 1159 587 1242; x_wconf 87' lang='lat' dir='ltr'>Tempora</span> <span class='ocrx_word' id='word_1_58' title='bbox 631 1160 964 1224; x_wconf 76' lang='lat' dir='ltr'>nocturnis</span> <span class='ocrx_word' id='word_1_59' title='bbox 1013 1160 1317 1243; x_wconf 87' lang='lat' dir='ltr'>dispenso</span> <span class='ocrx_word' id='word_1_60' title='bbox 1365 1160 1571 1224; x_wconf 87' lang='lat' dir='ltr'>sidere</span> <span class='ocrx_word' id='word_1_61' title='bbox 1616 1159 1833 1225; x_wconf 88' lang='lat' dir='ltr'>Libra.</span> 
     </span>
     <span class='ocr_line' id='line_1_12' title="bbox 165 1247 1692 1332; baseline 0.001 -21"><span class='ocrx_word' id='word_1_62' title='bbox 165 1256 231 1305; x_wconf 90' lang='grc'>10</span> <span class='ocrx_word' id='word_1_63' title='bbox 267 1247 513 1312; x_wconf 85' lang='lat' dir='ltr'>Effetos</span> <span class='ocrx_word' id='word_1_64' title='bbox 560 1269 778 1313; x_wconf 89' lang='lat' dir='ltr'>ramos</span> <span class='ocrx_word' id='word_1_65' title='bbox 830 1248 1115 1312; x_wconf 86' lang='lat' dir='ltr'>denudat</span> <span class='ocrx_word' id='word_1_66' title='bbox 1157 1249 1421 1313; x_wconf 89' lang='lat' dir='ltr'>flamma</span> <span class='ocrx_word' id='word_1_67' title='bbox 1463 1247 1692 1332; x_wconf 75' lang='lat' dir='ltr'>Nepai.</span> 
     </span>
     <span class='ocr_line' id='line_1_13' title="bbox 266 1336 1882 1421; baseline 0.001 -21"><span class='ocrx_word' id='word_1_68' title='bbox 266 1336 465 1421; x_wconf 88' lang='lat' dir='ltr'>Pigra</span> <span class='ocrx_word' id='word_1_69' title='bbox 512 1337 969 1421; x_wconf 84' lang='lat' dir='ltr'>sagittipotens</span> <span class='ocrx_word' id='word_1_70' title='bbox 1015 1336 1339 1401; x_wconf 89' lang='lat' dir='ltr'>iaculatur</span> <span class='ocrx_word' id='word_1_71' title='bbox 1380 1336 1629 1421; x_wconf 87' lang='lat' dir='ltr'>frigora</span> <span class='ocrx_word' id='word_1_72' title='bbox 1672 1338 1882 1401; x_wconf 89' lang='lat' dir='ltr'>terris.</span> 
     </span>
     <span class='ocr_line' id='line_1_14' title="bbox 265 1423 2180 1509; baseline -0.001 -21"><span class='ocrx_word' id='word_1_73' title='bbox 265 1424 515 1488; x_wconf 86' lang='lat' dir='ltr'>Bruma</span> <span class='ocrx_word' id='word_1_74' title='bbox 559 1425 711 1509; x_wconf 88' lang='lat' dir='ltr'>gelu</span> <span class='ocrx_word' id='word_1_75' title='bbox 757 1425 1047 1509; x_wconf 87' lang='lat' dir='ltr'>glacians</span> <span class='ocrx_word' id='word_1_76' title='bbox 1092 1425 1285 1489; x_wconf 89' lang='lat' dir='ltr'>iubar</span> <span class='ocrx_word' id='word_1_77' title='bbox 1332 1429 1431 1488; x_wconf 90' lang='lat' dir='ltr'>est</span> <span class='ocrx_word' id='word_1_78' title='bbox 1477 1426 1737 1508; x_wconf 87' lang='lat' dir='ltr'>spirans</span> <span class='ocrx_word' id='word_1_79' title='bbox 1786 1423 2180 1509; x_wconf 88' lang='lat' dir='ltr'>Capricorni.</span> 
     </span>
     <span class='ocr_line' id='line_1_15' title="bbox 273 1512 2187 1600; baseline 0.001 -24"><span class='ocrx_word' id='word_1_80' title='bbox 273 1512 484 1589; x_wconf 85' lang='lat' dir='ltr'>Quam</span> <span class='ocrx_word' id='word_1_81' title='bbox 532 1513 841 1600; x_wconf 89' lang='lat' dir='ltr'>sequitur</span> <span class='ocrx_word' id='word_1_82' title='bbox 862 1512 1134 1578; x_wconf 91' lang='lat' dir='ltr'>nebulas</span> <span class='ocrx_word' id='word_1_83' title='bbox 1181 1534 1408 1577; x_wconf 90' lang='lat' dir='ltr'>rorans</span> <span class='ocrx_word' id='word_1_84' title='bbox 1454 1513 1673 1597; x_wconf 91' lang='lat' dir='ltr'>liquor</span> <span class='ocrx_word' id='word_1_85' title='bbox 1719 1514 1889 1577; x_wconf 89' lang='lat' dir='ltr'>altus</span> <span class='ocrx_word' id='word_1_86' title='bbox 1915 1512 2187 1598; x_wconf 82' lang='lat' dir='ltr'>Aquari,</span> 
     </span>
     <span class='ocr_line' id='line_1_16' title="bbox 267 1593 2132 1702; baseline 0.001 -38"><span class='ocrx_word' id='word_1_87' title='bbox 267 1593 481 1666; x_wconf 83' lang='lat' dir='ltr'>Tanta</span> <span class='ocrx_word' id='word_1_88' title='bbox 526 1623 719 1684; x_wconf 90' lang='lat' dir='ltr'>super</span> <span class='ocrx_word' id='word_1_89' title='bbox 763 1601 1052 1684; x_wconf 90' lang='lat' dir='ltr'>circaque</span> <span class='ocrx_word' id='word_1_90' title='bbox 1096 1602 1320 1686; x_wconf 84' lang='lat' dir='ltr'>vigent</span> <span class='ocrx_word' id='word_1_91' title='bbox 1369 1601 1484 1665; x_wconf 91' lang='lat' dir='ltr'>ubi</span> <span class='ocrx_word' id='word_1_92' title='bbox 1529 1602 1809 1666; x_wconf 87' lang='lat' dir='ltr'>flumina.</span> <span class='ocrx_word' id='word_1_93' title='bbox 1897 1600 2132 1702; x_wconf 83' lang='lat' dir='ltr'>Mundi</span> 
     </span>
     <span class='ocr_line' id='line_1_17' title="bbox 166 1688 2232 1774; baseline -0 -21"><span class='ocrx_word' id='word_1_94' title='bbox 166 1696 231 1745; x_wconf 86' lang='lat'>15</span> <span class='ocrx_word' id='word_1_95' title='bbox 270 1689 363 1754; x_wconf 91' lang='lat' dir='ltr'>At</span> <span class='ocrx_word' id='word_1_96' title='bbox 409 1690 635 1753; x_wconf 83' lang='lat' dir='ltr'>dextra</span> <span class='ocrx_word' id='word_1_97' title='bbox 681 1689 991 1773; x_wconf 82' lang='lat' dir='ltr'>laevaque</span> <span class='ocrx_word' id='word_1_98' title='bbox 1038 1690 1165 1753; x_wconf 80' lang='lat' dir='ltr'>ciet</span> <span class='ocrx_word' id='word_1_99' title='bbox 1209 1692 1356 1753; x_wconf 83' lang='lat' dir='ltr'>rota</span> <span class='ocrx_word' id='word_1_100' title='bbox 1397 1689 1651 1774; x_wconf 88' lang='lat' dir='ltr'>fulgida</span> <span class='ocrx_word' id='word_1_101' title='bbox 1693 1688 1860 1753; x_wconf 86' lang='lat' dir='ltr'>Solis</span> <span class='ocrx_word' id='word_1_102' title='bbox 2229 1739 2232 1742; x_wconf 15' lang='lat' dir='ltr'><em>n</em></span> 
     </span>
     <span class='ocr_line' id='line_1_18' title="bbox 268 1775 2216 1842; baseline -0.001 -1"><span class='ocrx_word' id='word_1_103' title='bbox 268 1776 515 1842; x_wconf 90' lang='lat' dir='ltr'>Mobile</span> <span class='ocrx_word' id='word_1_104' title='bbox 564 1777 955 1842; x_wconf 88' lang='lat' dir='ltr'>curriculum</span> <span class='ocrx_word' id='word_1_105' title='bbox 1001 1781 1066 1841; x_wconf 89' lang='lat' dir='ltr'>et</span> <span class='ocrx_word' id='word_1_106' title='bbox 1109 1778 1300 1841; x_wconf 90' lang='lat' dir='ltr'>lunae</span> <span class='ocrx_word' id='word_1_107' title='bbox 1348 1779 1692 1842; x_wconf 87' lang='lat' dir='ltr'>simulacra</span> <span class='ocrx_word' id='word_1_108' title='bbox 1736 1775 2053 1841; x_wconf 85' lang='lat' dir='ltr'>feruntur.</span> <span class='ocrx_word' id='word_1_109' title='bbox 2129 1787 2134 1792; x_wconf 84' lang='grc'><strong><em>’</em></strong></span> <span class='ocrx_word' id='word_1_110' title='bbox 2213 1793 2216 1796; x_wconf 75' lang='grc'>’</span> 
     </span>
     <span class='ocr_line' id='line_1_19' title="bbox 271 1865 1993 1951; baseline -0.001 -20"><span class='ocrx_word' id='word_1_111' title='bbox 271 1866 554 1951; x_wconf 86' lang='lat' dir='ltr'>Squama</span> <span class='ocrx_word' id='word_1_112' title='bbox 598 1867 718 1930; x_wconf 90' lang='lat' dir='ltr'>sub</span> <span class='ocrx_word' id='word_1_113' title='bbox 764 1866 1010 1932; x_wconf 85' lang='lat' dir='ltr'>Arctoo</span> <span class='ocrx_word' id='word_1_114' title='bbox 1061 1869 1411 1950; x_wconf 86' lang='lat' dir='ltr'>conspectu</span> <span class='ocrx_word' id='word_1_115' title='bbox 1455 1871 1632 1932; x_wconf 84' lang='lat' dir='ltr'>torta</span> <span class='ocrx_word' id='word_1_116' title='bbox 1671 1865 1993 1930; x_wconf 90' lang='lat' dir='ltr'>Draconis</span> 
     </span>
     <span class='ocr_line' id='line_1_20' title="bbox 268 1953 2011 2040; baseline -0.001 -21"><span class='ocrx_word' id='word_1_117' title='bbox 268 1954 549 2019; x_wconf 87' lang='lat' dir='ltr'>Eminet.</span> <span class='ocrx_word' id='word_1_118' title='bbox 638 1953 824 2019; x_wconf 90' lang='lat' dir='ltr'>Hanc</span> <span class='ocrx_word' id='word_1_119' title='bbox 869 1957 1035 2019; x_wconf 83' lang='lat' dir='ltr'>inter</span> <span class='ocrx_word' id='word_1_120' title='bbox 1077 1955 1404 2040; x_wconf 84' lang='lat' dir='ltr'>fulgentes</span> <span class='ocrx_word' id='word_1_121' title='bbox 1452 1954 1711 2017; x_wconf 85' lang='lat' dir='ltr'>aethere</span> <span class='ocrx_word' id='word_1_122' title='bbox 1757 1958 2011 2036; x_wconf 89' lang='lat' dir='ltr'>septem</span> 
     </span>
     <span class='ocr_line' id='line_1_21' title="bbox 269 2040 2132 2127; baseline 0 -22"><span class='ocrx_word' id='word_1_123' title='bbox 269 2040 507 2127; x_wconf 88' lang='lat' dir='ltr'>Magna</span> <span class='ocrx_word' id='word_1_124' title='bbox 554 2043 769 2125; x_wconf 89' lang='lat' dir='ltr'>quatit</span> <span class='ocrx_word' id='word_1_125' title='bbox 816 2043 1070 2125; x_wconf 85' lang='lat' dir='ltr'>stellas,</span> <span class='ocrx_word' id='word_1_126' title='bbox 1116 2064 1312 2126; x_wconf 89' lang='lat' dir='ltr'>quam</span> <span class='ocrx_word' id='word_1_127' title='bbox 1358 2062 1615 2105; x_wconf 84' lang='lat' dir='ltr'>servans</span> <span class='ocrx_word' id='word_1_128' title='bbox 1663 2062 1842 2104; x_wconf 88' lang='lat' dir='ltr'>serus</span> <span class='ocrx_word' id='word_1_129' title='bbox 1890 2042 1964 2108; x_wconf 84' lang='lat' dir='ltr'>in</span> <span class='ocrx_word' id='word_1_130' title='bbox 2008 2042 2132 2105; x_wconf 83' lang='lat' dir='ltr'>alta</span> 
     </span>
     <span class='ocr_line' id='line_1_22' title="bbox 165 2128 1740 2215; baseline -0.002 -20"><span class='ocrx_word' id='word_1_131' title='bbox 165 2139 235 2186; x_wconf 80' lang='lat'>20</span> <span class='ocrx_word' id='word_1_132' title='bbox 271 2129 588 2195; x_wconf 90' lang='lat' dir='ltr'>Conditur</span> <span class='ocrx_word' id='word_1_133' title='bbox 631 2128 868 2196; x_wconf 85' lang='lat' dir='ltr'>Oceani</span> <span class='ocrx_word' id='word_1_134' title='bbox 913 2131 1059 2215; x_wconf 90' lang='lat' dir='ltr'>ripa</span> <span class='ocrx_word' id='word_1_135' title='bbox 1103 2153 1248 2196; x_wconf 92' lang='lat' dir='ltr'>cum</span> <span class='ocrx_word' id='word_1_136' title='bbox 1295 2131 1437 2194; x_wconf 93' lang='lat' dir='ltr'>luce</span> <span class='ocrx_word' id='word_1_137' title='bbox 1481 2128 1740 2194; x_wconf 89' lang='lat' dir='ltr'>Bootes.</span> 
     </span>
    </p>
   </div>
   <div class='ocr_carea' id='block_1_4' title="bbox 1014 2325 1440 2336">
    <p class='ocr_par' dir='ltr' id='par_1_4' title="bbox 1014 2325 1440 2336">
     <span class='ocr_line' id='line_1_23' title="bbox 1014 2325 1440 2336; baseline 0 1355"><span class='ocrx_word' id='word_1_138' title='bbox 1014 2325 1440 2336; x_wconf 95' lang='lat' dir='ltr'> </span> 
     </span>
    </p>
   </div>
   <div class='ocr_carea' id='block_1_5' title="bbox 351 2468 2182 2729">
    <p class='ocr_par' dir='ltr' id='par_1_5' title="bbox 351 2468 2182 2689">
     <span class='ocr_line' id='line_1_24' title="bbox 351 2468 2182 2600; baseline -0.001 -18"><span class='ocrx_word' id='word_1_139' title='bbox 351 2468 771 2600; x_wconf 71' lang='lat' dir='ltr'>mosoma,</span> <span class='ocrx_word' id='word_1_140' title='bbox 816 2517 933 2584; x_wconf 83' lang='lat' dir='ltr'>UT</span> <span class='ocrx_word' id='word_1_141' title='bbox 977 2515 1930 2600; x_wconf 79' lang='lat' dir='ltr'><strong>FERTUR‚EP1GRAMMA</strong></span> <span class='ocrx_word' id='word_1_142' title='bbox 1975 2514 2101 2581; x_wconf 80' lang='lat' dir='ltr'>DE</span> <span class='ocrx_word' id='word_1_143' title='bbox 2173 2491 2182 2501; x_wconf 68' lang='grc'><em>“</em></span> 
     </span>
     <span class='ocr_line' id='line_1_25' title="bbox 784 2620 1697 2729; baseline -0.003 -40"><span class='ocrx_word' id='word_1_144' title='bbox 784 2622 1092 2729; x_wconf 75' lang='lat' dir='ltr'><strong>AMQRE</strong></span> <span class='ocrx_word' id='word_1_145' title='bbox 1138 2620 1697 2687; x_wconf 78' lang='lat' dir='ltr'>FEMINARUM.</span> 
     </span>
    </p>
   </div>
   <div class='ocr_carea' id='block_1_6' title="bbox 274 2725 2141 3113">
    <p class='ocr_par' dir='ltr' id='par_1_6' title="bbox 277 2725 2020 2937">
     <span class='ocr_line' id='line_1_26' title="bbox 277 2725 2020 2845; baseline -0.004 -15"><span class='ocrx_word' id='word_1_146' title='bbox 277 2763 476 2830; x_wconf 85' lang='lat' dir='ltr'>Crede</span> <span class='ocrx_word' id='word_1_147' title='bbox 522 2768 730 2828; x_wconf 88' lang='lat' dir='ltr'>ratem</span> <span class='ocrx_word' id='word_1_148' title='bbox 774 2725 1010 2829; x_wconf 83' lang='lat' dir='ltr'>ventis:</span> <span class='ocrx_word' id='word_1_149' title='bbox 1059 2765 1348 2828; x_wconf 90' lang='lat' dir='ltr'>animum</span> <span class='ocrx_word' id='word_1_150' title='bbox 1390 2784 1471 2827; x_wconf 92' lang='lat' dir='ltr'>ne</span> <span class='ocrx_word' id='word_1_151' title='bbox 1516 2763 1697 2827; x_wconf 87' lang='lat' dir='ltr'>crede</span> <span class='ocrx_word' id='word_1_152' title='bbox 1742 2762 2020 2845; x_wconf 90' lang='lat' dir='ltr'>puellis.-</span> 
     </span>
     <span class='ocr_line' id='line_1_27' title="bbox 448 2849 1851 2937; baseline -0.001 -22"><span class='ocrx_word' id='word_1_153' title='bbox 448 2850 742 2937; x_wconf 91' lang='lat' dir='ltr'>Namque</span> <span class='ocrx_word' id='word_1_154' title='bbox 788 2856 888 2916; x_wconf 90' lang='lat' dir='ltr'>est</span> <span class='ocrx_word' id='word_1_155' title='bbox 929 2852 1209 2917; x_wconf 87' lang='lat' dir='ltr'>feminea</span> <span class='ocrx_word' id='word_1_156' title='bbox 1249 2851 1455 2916; x_wconf 84' lang='lat' dir='ltr'>tutior</span> <span class='ocrx_word' id='word_1_157' title='bbox 1499 2851 1668 2914; x_wconf 88' lang='lat' dir='ltr'>unda</span> <span class='ocrx_word' id='word_1_158' title='bbox 1712 2849 1851 2914; x_wconf 90' lang='lat' dir='ltr'>fide.</span> 
     </span>
    </p>

    <p class='ocr_par' dir='ltr' id='par_1_7' title="bbox 274 2937 2141 3113">
     <span class='ocr_line' id='line_1_28' title="bbox 274 2937 2141 3023; baseline -0.002 -19"><span class='ocrx_word' id='word_1_159' title='bbox 274 2940 545 3005; x_wconf 87' lang='lat' dir='ltr'>Femina</span> <span class='ocrx_word' id='word_1_160' title='bbox 588 2941 771 3005; x_wconf 90' lang='lat' dir='ltr'>nulla</span> <span class='ocrx_word' id='word_1_161' title='bbox 815 2942 987 3005; x_wconf 90' lang='lat' dir='ltr'>bona</span> <span class='ocrx_word' id='word_1_162' title='bbox 1033 2943 1158 3023; x_wconf 79' lang='lat' dir='ltr'>est,</span> <span class='ocrx_word' id='word_1_163' title='bbox 1203 2940 1308 3003; x_wconf 84' lang='lat' dir='ltr'>vel</span> <span class='ocrx_word' id='word_1_164' title='bbox 1355 2939 1411 3002; x_wconf 90' lang='lat' dir='ltr'>si</span> <span class='ocrx_word' id='word_1_165' title='bbox 1456 2938 1628 3002; x_wconf 89' lang='lat' dir='ltr'>bona</span> <span class='ocrx_word' id='word_1_166' title='bbox 1672 2937 1948 3022; x_wconf 87' lang='lat' dir='ltr'>contigit</span> <span class='ocrx_word' id='word_1_167' title='bbox 1992 2938 2141 3019; x_wconf 87' lang='lat' dir='ltr'>ulli</span> 
     </span>
     <span class='ocr_line' id='line_1_29' title="bbox 452 3025 1869 3113; baseline -0.002 -20"><span class='ocrx_word' id='word_1_168' title='bbox 452 3027 687 3094; x_wconf 89' lang='lat' dir='ltr'>Nescio</span> <span class='ocrx_word' id='word_1_169' title='bbox 735 3049 861 3113; x_wconf 95' lang='lat' dir='ltr'>quo</span> <span class='ocrx_word' id='word_1_170' title='bbox 908 3028 1047 3093; x_wconf 87' lang='lat' dir='ltr'>fato</span> <span class='ocrx_word' id='word_1_171' title='bbox 1092 3050 1197 3093; x_wconf 88' lang='lat' dir='ltr'>res</span> <span class='ocrx_word' id='word_1_172' title='bbox 1245 3027 1420 3091; x_wconf 89' lang='lat' dir='ltr'>mala</span> <span class='ocrx_word' id='word_1_173' title='bbox 1462 3025 1637 3090; x_wconf 86' lang='lat' dir='ltr'>facta</span> <span class='ocrx_word' id='word_1_174' title='bbox 1682 3025 1869 3091; x_wconf 90' lang='lat' dir='ltr'>bona.</span> 
     </span>
    </p>
   </div>
   <div class='ocr_carea' id='block_1_7' title="bbox 1067 3221 1386 3231">
    <p class='ocr_par' dir='ltr' id='par_1_8' title="bbox 1067 3221 1386 3231">
     <span class='ocr_line' id='line_1_30' title="bbox 1067 3221 1386 3231; baseline 0 460"><span class='ocrx_word' id='word_1_175' title='bbox 1067 3221 1386 3231; x_wconf 95' lang='lat' dir='ltr'> </span> 
     </span>
    </p>
   </div>
   <div class='ocr_carea' id='block_1_8' title="bbox 778 3486 1669 3567">
    <p class='ocr_par' dir='ltr' id='par_1_9' title="bbox 778 3486 1669 3567">
     <span class='ocr_line' id='line_1_31' title="bbox 778 3486 1669 3567; baseline -0.003 -10"><span class='ocrx_word' id='word_1_176' title='bbox 778 3517 870 3563; x_wconf 82' lang='lat' dir='ltr'>[Ex</span> <span class='ocrx_word' id='word_1_177' title='bbox 896 3517 1207 3567; x_wconf 73' lang='lat' dir='ltr'>recognitione</span> <span class='ocrx_word' id='word_1_178' title='bbox 1234 3486 1476 3560; x_wconf 80' lang='lat' dir='ltr'>Reinholdi</span> <span class='ocrx_word' id='word_1_179' title='bbox 1502 3516 1669 3563; x_wconf 66' lang='lat' dir='ltr'>Klotz]</span> 
     </span>
    </p>
   </div>
  </div>
 </body>
</html>
