2338 3691
740 134 1265 191 EPISTOLARUM
1299 135 1365 190 V.
1404 142 1488 192 20.
1948 135 2077 199 153

197 279 256 340 tu
303 276 702 363 deposueras,
760 277 1031 364 Sestius3
1085 281 1200 346 sed
1252 280 1379 346 hoc
1433 280 1514 345 ad
1566 283 1633 345 te
1679 280 1844 345 nihil
1888 281 2075 345 intel·

192 366 306 449 ligo
346 368 686 451 pertinere:
731 368 892 434 illud
926 392 1030 435 me
1065 392 1206 435 non
1243 369 1770 435 animadvertisse
1805 371 2076 434 moleste

191 453 423 539 ferrem,
471 460 548 521 ut
602 457 989 523 ascriberem
1039 461 1105 523 te
1159 460 1233 522 in
1284 459 1439 524 fano
1504 459 1846 541 Pecuniam
1897 459 2077 523 iussu

191 564 313 607 meo
355 545 751 632 deposuisse,
803 547 931 611 nisi
975 547 1102 611 ista
1147 548 1423 631 pecunia
1467 547 1862 632 gravissimis
1910 551 2080 612 esset

192 632 661 719 certissimisque
727 636 1165 701 monumentis
1229 639 1495 718 testata,
1559 637 1662 700 cui
1707 636 1885 719 data,
1949 658 2076 720 quo

191 725 425 787 senatus
470 724 797 807 consulto,
855 725 1089 808 quibus
1132 725 1291 809 tuis,
1344 724 1576 809 quibus
1630 725 1791 790 meis
1845 725 2078 790 litteris

189 805 246 871 P.
303 807 502 877 Sestio
567 812 813 877 tradita
876 817 1074 897 esset3
1147 835 1310 897 quae
1374 835 1573 897 quum
1636 814 1917 878 viderem
1978 817 2082 880 tot

191 899 453 984 vestigiis
498 901 834 986 impressa,
878 905 956 966 ut
998 902 1069 965 in
1111 902 1193 967 iis
1239 903 1440 966 errari
1483 923 1620 967 non
1664 906 1901 987 posset,
1945 924 2081 969 non

190 987 428 1071 ascripsi
489 990 585 1074 id,
651 990 823 1074 quod
885 993 1002 1055 tua
1054 990 1220 1055 nihil
1273 991 1620 1075 referebat3
1684 1012 1806 1077 ego
1859 995 2082 1056 tamen

190 1076 533 1161 ascripsisse
578 1080 858 1164 mallem,
905 1081 1212 1163 quoniam
1255 1080 1323 1144 id
1367 1083 1434 1144 te
1470 1081 1656 1145 video
1703 1080 2081 1145 desiderare.

190 1160 347 1229 Sicut
403 1167 660 1252 scribis,
722 1168 845 1232 tibi
905 1168 974 1232 id
1038 1190 1176 1234 esse
1238 1169 1672 1252 referendum,
1733 1170 1892 1234 item
1942 1170 2081 1253 ipse
2117 1178 2152 1228 6

190 1254 399 1339 sentio,
459 1278 673 1340 neque
735 1257 808 1321 in
869 1277 947 1323 eo
1011 1258 1362 1342 quidquam
1415 1281 1456 1323 a
1509 1259 1669 1322 meis
1721 1258 2082 1323 rationibus

191 1339 623 1428 discrepabunt
665 1348 844 1429 tuae3
889 1346 1085 1411 addes
1132 1347 1307 1412 enim
1348 1350 1443 1431 tu,
1485 1368 1629 1412 meo
1668 1347 1866 1431 iussu,
1910 1346 2085 1430 quod

191 1449 311 1515 ego,
353 1434 461 1517 qui
506 1455 647 1499 non
690 1434 926 1519 addidi,
970 1456 1092 1499 nec
1136 1457 1331 1501 causa
1368 1439 1467 1500 est
1512 1456 1624 1500 cur
1668 1456 1903 1521 negem
1947 1437 2085 1519 nec,

192 1518 238 1580 si
275 1541 459 1586 causa
505 1526 679 1587 esset
724 1527 791 1587 et
834 1527 907 1588 tu
952 1525 1179 1608 nolles,
1222 1545 1547 1610 negarem.
1617 1523 1791 1589 Nam
1838 1524 1916 1588 de
1953 1522 2085 1589 HS.

192 1611 515 1694 nongentis
563 1611 824 1677 milibus
872 1616 1044 1677 certe
1087 1614 1185 1677 ita
1227 1615 1505 1678 relatum
1551 1618 1667 1698 est,
1712 1616 1788 1679 ut
1831 1616 1904 1677 tu
1951 1614 2084 1678 sive

192 1694 367 1762 frater
408 1702 575 1786 tuus·
609 1700 837 1765 referri
881 1702 1113 1785 voluit3
1159 1702 1290 1786 sed,
1334 1703 1390 1767 si
1427 1702 1581 1786 quid
1618 1706 1733 1787 est,
1777 1702 2086 1786 quoniam

195 1781 257 1848 de
297 1786 591 1875 †logaeo
646 1811 876 1873 parum
919 1792 1252 1874 provisum
1297 1795 1420 1875 est,
1475 1792 1647 1876 quod
1703 1812 1823 1877 ego
1870 1792 1941 1856 in
1986 1814 2085 1856 ra-

193 1873 452 1942 tionibus
497 1878 852 1944 referendis
900 1880 1097 1945 etiam
1131 1902 1307 1945 nunc
1344 1882 1662 1967 corrigere
1708 1882 1969 1965 possim,
2007 1882 2085 1946 de

195 1981 257 2026 eo
295 1966 466 2050 mihi,
513 1968 822 2052 quoniam
868 1972 1129 2033 senatus
1176 1971 1472 2034 consulto
1528 1992 1663 2035 non
1717 1992 1860 2034 sum
1913 1992 2087 2055 usus,

197 2052 328 2133 quid
368 2077 483 2138 per
528 2057 708 2141 leges
751 2057 969 2141 liceat,
1024 2058 1562 2123 considerandum
1616 2062 1738 2123 est:
1792 2062 1858 2123 te
1914 2062 2085 2123 certe

194 2137 253 2202 in
289 2142 328 2220 †
353 2146 665 2227 pecuniae
720 2149 978 2210 exactae
1041 2147 1136 2211 ita
1199 2147 1421 2212 efferre
1485 2169 1563 2211 ex
1617 2148 1775 2212 meis
1821 2147 2086 2212 rationi-

194 2224 297 2293 bus
338 2233 560 2297 relatis
606 2254 743 2299 non
786 2234 1101 2319 oportuit,
1154 2236 1283 2300 nisi
1338 2236 1491 2320 quid
1536 2258 1638 2300 me
1682 2236 1881 2318 fallit,
1934 2240 2089 2300 sunt

196 2318 348 2383 enim
390 2322 503 2385 alii
549 2323 903 2406 peritiores.
992 2322 1162 2391 Illud
1218 2346 1370 2389 cave
1427 2325 1704 2408 dubites,
1760 2325 1919 2409 quin
1963 2344 2084 2409 ego

196 2408 391 2472 omnia
432 2410 697 2495 faciam,
752 2432 916 2496 quae
969 2412 1280 2477 interesse
1333 2417 1449 2478 tua
1507 2416 1621 2478 aut
1675 2414 1870 2477 etiam
1924 2414 2086 2477 velle

194 2495 249 2555 te
289 2497 668 2583 existimem,
731 2501 786 2564 si
849 2501 982 2565 ullo
1038 2501 1230 2565 modo
1284 2501 1497 2566 facere
1551 2502 1809 2587 possim.
1902 2500 2087 2577 Quod
2126 2513 2158 2563 7

199 2584 401 2650 scribis
457 2587 534 2652 de
588 2588 941 2672 beneficiiS‚
997 2590 1158 2654 scito
1215 2612 1256 2654 a
1308 2613 1410 2654 me
1465 2594 1531 2655 et
1583 2591 1879 2656 tribunos
1924 2590 2089 2653 mili·

195 2671 347 2737 tares
391 2678 458 2739 et
500 2676 859 2760 praefectos
906 2681 973 2741 et
1008 2679 1503 2744 contubernales
1541 2679 1874 2743 dumtaxat
1909 2699 2086 2742 meos

199 2756 424 2828 delatos
471 2786 634 2829 esse:
680 2767 752 2830 in
798 2787 924 2850 quo
973 2766 1231 2850 quidem
1276 2789 1377 2832 me
1424 2768 1602 2834 ratio'
1628 2767 1888 2849 fefellit3
1932 2765 2086 2830 libe-

199 2866 323 2914 rum
364 2853 535 2918 enim
579 2854 740 2918 mihi
782 2858 1039 2938 tempus
1078 2856 1159 2920 ad
1199 2877 1310 2921 eos
1348 2856 1726 2921 deferendos
1768 2855 2087 2919 existima·

200 2931 331 3002 bam
373 2940 526 3026 dari,
571 2946 799 3027 postea
844 2944 1077 3009 certior
1122 2967 1266 3009 sum
1301 2945 1513 3010 factus
1549 2945 1823 3029 triginta
1863 2943 2088 3007 diebus

203 3021 411 3093 deferri
471 3052 732 3097 necesse
794 3054 962 3108 esse,
1034 3033 1268 3116 quibus
1329 3034 1615 3099 rationes
1679 3032 2087 3097 rettulissem.

327 3201 426 3272 Ep.
464 3211 547 3274 20,
578 3212 627 3259 5.
701 3207 794 3261 sed
829 3206 927 3261 hoc
962 3207 1036 3261 ad
1071 3211 1122 3260 te
1158 3207 1289 3275 (N.).
1361 3208 1456 3261 sed
1490 3207 1621 3261 hacc
1656 3206 1730 3260 ad
1764 3211 1816 3258 te
1850 3204 1980 3259 ΜΒ.
2017 3233 2090 3244 -

205 3272 488 3340 “mpsim
542 3277 635 3343 (M.
651 3319 665 3345 ,
703 3277 912 3348 vulgo).
997 3278 1404 3344 adscripsissem
1449 3276 1508 3329 B.
1616 3282 1664 3329 6.
1720 3276 1938 3338 scribis,
1985 3273 2090 3326 tibi

207 3334 335 3409 (W-)·
399 3349 591 3402 scribis
626 3353 664 3402 t.
702 3348 892 3419 vulg0.
932 3376 997 3386 —
1036 3352 1072 3413 †
1093 3348 1276 3416 109an
1315 3346 1533 3414 (Mw).
1607 3345 1753 3414 loyeo
1788 3345 1880 3398 vel
1907 3345 2088 3422 loyaco

206 3406 330 3479 (ΒΜ)
404 3422 438 3485 †
465 3419 612 3489 loyeo
649 3418 711 3474 B.
760 3448 827 3460 —-
872 3420 937 3473 in
973 3419 1272 3486 pecuniam
1317 3421 1562 3472 exactam
1610 3415 1721 3481 (vel
1755 3415 1820 3467 in
1845 3426 2088 3480 pecwma

205 3489 390 3556 exacta)
424 3491 535 3545 ista
572 3491 703 3559 (ista
739 3490 868 3545 iam.
909 3489 1003 3557 N.)
1040 3488 1242 3555 referre
1281 3486 1413 3555 (W.)
1427 3492 1453 3540 ?
