2338 3691
188 125 317 190 304
749 124 825 179 M.
867 124 1113 180 TULLII
1133 125 1530 181 ‘CICERONIS

151 318 167 331 .
186 271 497 336 memoria
558 272 843 334 teneant.
940 269 1002 334 A
1055 273 1121 334 te
1183 274 1363 355 peto,
1424 274 1501 336 ut
1562 271 1866 356 dignitati
1919 293 2128 338 meae

189 359 558 445 suffrageris
613 362 706 443 et,
768 380 1039 443 quarum
1101 380 1318 424 rerum
1372 381 1484 445 spe
1549 360 1631 423 ad
1688 360 1944 425 laudem
1996 383 2127 427 me

186 449 450 529 vocasti,
487 447 719 511 harum
754 448 970 512 fructu
1007 448 1077 510 in
1113 449 1431 533 reliquum
1466 449 1668 513 facias
1707 450 2130 516 alacriorem.

185 534 341 602 Non
394 536 607 600 minus
661 556 850 620 posse
904 539 970 600 te
1023 558 1219 620 quam
1270 538 1433 602 velle
1494 538 1896 622 exploratum
1939 539 2130 605 mihi

188 628 302 690 est.
388 623 521 690 Fac
563 625 779 690 valeas
824 646 1054 709 meque
1105 630 1331 692 mutuo
1364 626 1630 712 diligas,

1050 835 1233 902 VIII.

277 948 390 1005 Scr.
427 949 487 1003 in
524 949 712 1004 Gallia
741 949 1118 1020 Transalpina
1150 966 1341 1004 mense
1376 949 1582 1005 Martio
1622 967 1671 1004 a.
1710 968 1762 1004 u.
1802 965 1848 1002 o.
1889 955 2023 1004 711.

187 1072 517 1128 PLANCUS
563 1072 710 1127 IMP.
759 1071 906 1128 COS.
953 1073 1188 1128 DESIG.
1238 1073 1291 1128 S.
1340 1073 1405 1127 D.
1443 1073 1631 1129 COSS.
1670 1074 1779 1129 PR.
1828 1073 1949 1128 ΤΒ.
2004 1075 2132 1131 PL.

410 1144 729 1199 SENATUI
764 1143 1049 1199 POPULO
1087 1143 1449 1210 PLEBIQUE
1487 1144 1866 1200 ROMANAE.

121 1259 150 1307 1
323 1243 391 1310 Si
437 1245 540 1309 cui
590 1244 760 1309 forte
813 1244 1034 1309 videor
1078 1244 1320 1309 diutius
1376 1247 1441 1309 et
1497 1244 1834 1310 hominum
1881 1267 2133 1332 exspe-

191 1335 539 1398 ctationem
594 1336 659 1397 et
712 1354 893 1416 spem
942 1333 1039 1396 rei
1091 1333 1385 1417 publicae
1442 1333 1519 1397 de
1577 1355 1722 1397 mea
1764 1334 2130 1403 voluntate

189 1423 471 1487 tenuisse
510 1443 906 1506 suspensam,
948 1421 1098 1486 huic
1132 1422 1313 1506 prius
1352 1422 1785 1486 excusandum
1821 1445 1931 1487 me
1975 1447 2131 1492 esse

191 1511 468 1575 arbitror
521 1532 715 1595 quam
769 1509 846 1574 de
901 1510 1266 1594 insequenti
1320 1510 1533 1575 officio
1580 1511 1940 1595 quidquam
2000 1516 2130 1580 ulli

188 1599 647 1684 pollicendum3
702 1619 837 1663 non
892 1599 1064 1662 enim
1118 1599 1534 1683 praeteritam
1588 1600 1845 1684 culpam
1904 1603 2129 1668 videri

189 1689 338 1753 volo
393 1687 761 1771 redemisse,
827 1686 937 1751 sed
984 1687 1265 1771 optimae
1318 1688 1553 1752 mentis
1613 1689 1905 1773 cogitata
1953 1692 2125 1756 iam-

121 1789 153 1836 2
189 1777 438 1862 pridem
481 1779 735 1840 maturo
779 1779 1069 1861 tempore
1129 1777 1483 1840 enuntiare.
1571 1775 1727 1841 Non
1771 1799 1878 1842 me
1928 1802 2126 1865 prae-

189 1865 428 1929 teribat
470 1866 540 1929 in
583 1868 770 1929 tanta
815 1866 1244 1930 sollicitudine
1288 1866 1623 1931 hominum
1669 1869 1736 1931 et
1777 1870 1925 1933 tam
1973 1892 2126 1954 per-

190 1954 450 2018 turbato
499 1956 673 2018 statu
719 1954 995 2019 civitatis
1038 1954 1618 2019 fructuosissimam
1672 1977 1809 2020 esse
1858 1958 2124 2042 profes-

194 2044 441 2108 sionem
475 2043 686 2108 bonae
721 2043 1094 2127 voluntatiS,
1138 2064 1539 2128 magnosque
1574 2043 1860 2110 honores
1912 2068 1995 2111 ex
2045 2070 2125 2111 ea

191 2154 263 2196 re
325 2132 684 2216 complures
748 2136 1126 2196 consecutos
1190 2132 1512 2216 videbam3
1577 2133 1715 2218 sed,
1778 2156 1992 2218 quum
2048 2136 2123 2200 in

193 2242 339 2285 eum
385 2241 604 2285 casum
647 2241 750 2284 me
794 2220 1058 2285 fortuna
1104 2220 1489 2305 demisisset,
1535 2224 1609 2286 ut
1654 2225 1768 2286 aut
1812 2224 2124 2289 celeriter

192 2309 553 2393 pollicendo
598 2329 838 2394 magna
881 2309 1041 2374 mihi
1084 2309 1222 2394 ipse
1270 2309 1352 2373 ad
1397 2310 1865 2394 proficiendum
1910 2313 2119 2397 impe-

192 2398 479 2463 dimenta
524 2419 914 2482 opponerem
960 2402 1098 2482 aut,
1144 2397 1200 2462 si
1244 2398 1316 2462 in
1361 2420 1437 2464 eo
1483 2399 1644 2464 mihi
1686 2401 2119 2485 temperavis·

194 2508 355 2571 sem,
407 2488 682 2552 maiores
728 2486 1096 2552 occasiones
1151 2486 1234 2550 ad
1280 2488 1727 2571 opitulandum
1777 2489 2117 2571 haberem,

193 2576 565 2685 expedititffi
592 2576 718 2640 iter
762 2576 1119 2640 communis
1166 2576 1393 2641 salutis
1430 2598 1623 2660 quam
1668 2599 1851 2642 meae
1899 2577 2115 2642 laudis

193 2687 329 2730 esse
393 2666 586 2731 volu1.
674 2663 848 2729 Nam
910 2665 1052 2748 quis
1109 2665 1181 2727 in
1244 2686 1321 2729 ea
1380 2665 1671 2750 fortuna,
1734 2687 1903 2749 quae
1966 2671 2113 2728 mea

193 2758 317 2839 est,
363 2758 428 2819 et
473 2754 554 2818 ab
602 2774 678 2817 ea
721 2753 882 2837 vita,
942 2774 1135 2837 quam
1179 2753 1252 2817 in
1305 2776 1407 2819 me
1455 2756 1782 2840 cognitam
1828 2753 2110 2819 homini-

190 2844 312 2908 bus
378 2843 682 2926 arbitror,
742 2844 808 2906 et
870 2862 1016 2905 cum
1080 2863 1157 2906 ea
1216 2864 1354 2927 spe,
1418 2865 1612 2927 quam
1672 2844 1743 2907 in
1803 2841 2107 2905 manibus

190 2932 420 3016 habeo,
456 2935 569 2997 aut
606 2930 934 2996 sordidum
971 2930 1321 3015 quidquam
1356 2931 1494 3015 pati
1531 2935 1645 2996 aut
1669 2930 2106 3016 perniciosum

121 3030 156 3079 3
194 3021 641 3103 concupiscere
695 3018 955 3103 potest?
1054 3016 1181 3084 Sed
1236 3020 1637 3103 aliquantum
1699 3018 1890 3084 nobis
1945 3020 2103 3079 tem-

191 3108 368 3191 poris
421 3111 487 3171 et
539 3108 762 3192 magni
814 3107 1067 3172 labores
1131 3111 1198 3171 et
1248 3109 1490 3173 multae
1552 3110 1883 3193 impensae
1939 3122 2100 3186 opus

192 3194 481 3278 fuerunt,
542 3199 642 3280 ut,
705 3218 868 3280 quae
930 3196 1023 3261 rei
1076 3196 1371 3281 publicae
1426 3197 1739 3282 bonisque
1801 3192 2098 3259 omnibus

193 3282 655 3366 polliceremur,
700 3286 873 3349 exitu
909 3290 1383 3369 praestaremus
1419 3308 1628 3372 neque
1666 3285 1751 3351 ad
1797 3278 2096 3346 auxilium

193 3369 439 3452 patriae
492 3372 650 3434 nudi
695 3393 840 3436 cum
893 3374 1067 3439 bona
1120 3375 1482 3459 voluntate,
1538 3376 1649 3440 sed
1708 3393 1854 3437 cum
1904 3363 2097 3431 facul-

193 3456 436 3522 tatibus
493 3460 949 3527 accederemus.
1040 3461 1534 3530 confirmandus
1594 3464 1744 3530 erat
1795 3454 2099 3524 exercitus

39 3585 71 3607 L
