2338 3691
321 135 397 190 M.
438 135 686 191 TULLII
722 135 1101 192 CICERONIS
1139 136 1659 193 EPISTOLARUM
1694 136 1815 191 Vn.
1858 142 1905 191 1.
1984 135 2115 199 193

189 302 391 346 scena
419 280 766 345 decessisse
796 282 1182 366 arbitrabar3
1229 283 1490 347 deliciae
1518 304 1670 347 vero
1699 286 1868 367 tuae,
1891 284 2116 347 noster

191 367 522 454 Aesopus,
578 370 893 434 eiusmodi
943 371 1098 456 fuit,
1149 374 1228 435 ut
1281 372 1341 436 ei
1385 371 1675 436 desinere
1729 393 1846 455 per
1891 392 2115 436 omnes

189 458 498 523 homines
542 458 788 523 liceret:
833 459 891 523 is
935 459 1147 524 iurare
1185 482 1385 544 quum
1425 460 1760 545 coepisset,
1805 482 1930 524 vox
1968 481 2115 523 eum

187 546 437 611 defecit
478 546 549 611 in
593 547 705 611 illo
752 547 922 612 loco:
965 549 1060 632 „si
1098 549 1307 613 sciens
1342 548 1555 614 fallo“.
1628 547 1795 625 Quid
1831 548 1952 612 tibi
1992 568 2114 633 ego

194 635 327 698 alia
372 635 675 700 narrem?
720 636 896 701 nosti
941 637 1115 700 enim
1158 638 1441 722 reliquos
1485 637 1701 722 ludos,
1757 638 1868 722 qui
1919 658 2003 700 ne
2047 636 2116 701 id

191 723 459 806 quidem
514 724 753 808 leporis
811 723 1206 810 habuerunt,
1270 726 1442 811 quod
1499 727 1712 791 solent
1761 725 2115 790 mediocres

191 811 361 894 ludi3
408 816 756 897 apparatus
803 813 975 877 enim
1023 816 1334 899 spectatio
1389 815 1663 880 tollebat
1717 836 1974 880 omnem
2018 814 2116 879 111-

191 900 550 984 laritatem‚
613 923 740 1003 quo
805 902 1064 986 quidem
1109 907 1428 989 apparatu
1481 926 1619 969 non
1677 904 1902 968 dubito
1960 905 2118 988 quin

189 988 419 1053 animo
466 989 850 1074 aequissimo
897 993 1208 1075 carueris3
1255 993 1406 1077 quid
1453 993 1626 1056 enim
1672 992 2118 1057 delectationis

191 1077 448 1142 habent
491 1079 773 1142 sexcenti
817 1080 1033 1143 muli
1013 1103 1086 1143 111
1122 1078 1636 1164 Clytaemnestra
1672 1084 1786 1146 aut
1820 1082 1891 1146 in
1927 1081 2117 1166 Equo
2235 1100 2241 1106 ·

194 1165 487 1231 Troiano
535 1170 958 1232 creterrarum
1000 1169 1129 1233 tria
1173 1170 1354 1234 milia
1399 1174 1514 1235 aut
1567 1173 1894 1234 armatura
1937 1170 2120 1234 varia

189 1254 528 1339 peditatus
574 1258 642 1319 et
686 1256 1010 1340 equitatus
1056 1257 1126 1321 in
1151 1258 1196 1337 ἦ·
1224 1258 1440 1342 aliqua
1483 1258 1752 1344 pugna?
1797 1280 1961 1343 quae
2005 1281 2118 1343 po-

194 1343 499 1428 pularem
527 1343 1019 1409 admirationem
1045 1344 1431 1432 habuerunt,
1467 1346 1961 1412 delectationem
1997 1347 2118 1411 tibi

192 1431 450 1495 nullam
504 1433 892 1497 attulissent.
982 1433 1167 1510 Quod
1225 1436 1281 1499 si
1333 1439 1407 1500 tu
1460 1458 1576 1521 per
1621 1457 1731 1500 eos
1786 1435 1922 1500 dies
1969 1457 2117 1519 ope-

190 1541 342 1585 ram
387 1520 619 1585 dedisti
661 1519 1014 1607 Protogeni
1058 1527 1202 1606 tuo,
1259 1524 1606 1590 dummodo
1659 1524 1718 1589 is
1771 1524 1893 1589 tibi
1939 1524 2117 1609 quid-

193 1609 297 1672 vis
362 1609 579 1692 potius
654 1631 848 1693 quam
921 1612 1248 1677 orationes
1320 1634 1497 1678 meas
1569 1613 1828 1698 legerit,
1900 1634 1982 1677 ne
2046 1615 2119 1677 tu

193 1695 376 1762 haud
421 1697 640 1780 paullo
686 1698 832 1782 plus
880 1720 1074 1783 quam
1119 1701 1460 1802 quisquam
1504 1705 1802 1766 nostrum
1847 1701 2120 1766 delecta-

194 1785 398 1851 tionis
471 1786 784 1870 habuisti3
855 1809 990 1853 non
1055 1790 1229 1854 enim
1301 1793 1367 1854 te
1428 1792 1590 1875 puto
1663 1789 1940 1856 Graecos
2006 1792 2121 1855 aut

196 1873 405 1939 Oscos
467 1875 655 1940 ludos
720 1876 1139 1962 desiderasse,
1211 1880 1591 1981 praesertim
1656 1902 1855 1964 quum
1919 1878 2119 1944 Oscos

194 1963 302 2027 vel
358 1963 430 2027 in
495 1967 723 2028 senatu
784 1969 1000 2030 vestro
1066 1971 1356 2051 spectare
1410 1968 1648 2052 possis,
1694 1967 1972 2033 Graecos
2026 1969 2120 2032 ita

195 2074 338 2117 non
374 2073 570 2135 ame8‚
614 2056 690 2116 ut
722 2074 806 2118 ne
843 2054 926 2118 ad
961 2055 1184 2119 villam
1221 2056 1479 2140 quidem
1515 2059 1696 2120 tuam
1734 2057 1842 2121 via
1877 2055 2122 2121 Graeca

193 2140 291 2204 ire
343 2141 569 2205 soleas,
658 2139 830 2205 Nam
877 2143 1029 2226 quid
1076 2164 1198 2228 ego
1243 2148 1309 2208 te
1355 2145 1634 2209 athletas
1689 2149 1913 2230 putem
1956 2145 2118 2209 desi-

193 2229 445 2313 derare,
482 2229 592 2312 qui
629 2229 1020 2313 gladiatores
1059 2233 1567 2317 contempseris?
1612 2234 1683 2298 in
1721 2233 1999 2318 quibus
1979 2255 2119 2317 lpse

192 2315 550 2402 Pompeius
596 2317 938 2383 confitetur
994 2341 1061 2384 se
1109 2323 1176 2385 et
1220 2343 1484 2405 operam
1542 2325 1610 2386 et
1654 2323 1867 2386 oleum
1910 2322 2119 2406 perdi-

196 2405 391 2470 disse.
499 2405 809 2490 Reliquae
875 2410 1029 2471 sunt
1088 2411 1468 2475 venationes
1532 2410 1724 2474 binae
1795 2432 1912 2494 per
1984 2410 2122 2474 dies

196 2495 514 2578 quinque,
568 2494 949 2580 magnificae
993 2533 1084 2543 —
1126 2519 1320 2563 nemo
1375 2501 1576 2584 negat
1617 2535 1733 2584 —,
1787 2499 1899 2563 sed
1957 2520 2121 2582 quae

194 2586 420 2668 potest
445 2582 698 2647 homini
734 2605 872 2647 esse
908 2585 1113 2669 polito
1151 2586 1512 2671 delectatio,
1550 2609 1748 2671 quum
1785 2591 1899 2651 aut
1922 2587 2120 2650 homo

195 2671 564 2735 imbecillus
612 2693 651 2734 a
693 2671 1137 2738 valentissima
1190 2675 1401 2739 bestia
1445 2676 1729 2739 laniatur
1783 2681 1897 2739 aut
1939 2696 2120 2759 prae-

195 2760 376 2824 clara
422 2759 632 2823 bestia
675 2761 994 2826 venabulo
1032 2764 1635 2829 transverberatur?
1682 2785 1844 2848 quae
1880 2765 2124 2846 tamen,

195 2849 254 2912 si
299 2848 586 2912 videnda
630 2851 801 2933 sunt,
848 2870 1036 2935 saepe
1082 2851 1320 2935 vidisti,
1365 2874 1573 2936 neque
1619 2873 1759 2935 1108,
1805 2851 1916 2935 qui
1959 2849 2121 2914 haec

198 2937 636 3021 spectavimus
643 2987 662 3021 ,
736 2937 1083 3022 quidquam
1146 2941 1300 3004 novi
1372 2941 1667 3005 vidimus.
1774 2939 2122 3003 Extremus

194 3025 700 3110 elephantorum
765 3025 899 3090 dies
962 3027 1113 3091 fuit:
1176 3028 1249 3091 in
1311 3050 1439 3112 quo
1495 3028 1833 3092 admiratio
1879 3048 2122 3113 magna

341 3199 447 3269 Ep.
488 3206 539 3268 1,
567 3207 617 3254 2.
690 3201 967 3254 decessisse
1018 3201 1162 3267 (edd.
1210 3204 1388 3271 vett..)
1475 3202 1677 3257 decesse
1710 3201 1839 3256 MB.
1878 3232 1946 3241 —
1992 3203 2057 3255 in
2081 3205 2120 3266 ἢ·

197 3271 395 3340 aliqua
421 3287 624 3340 puyna
660 3271 808 3341 (W.)
891 3273 957 3325 in
990 3270 1206 3326 Navali
1245 3273 1452 3341 Puqna
1489 3272 1662 3341 (Or.)‘?
1743 3274 1808 3325 in
1843 3289 1894 3324 α.
1923 3287 1986 3339 p.
2023 3271 2117 3335 M.‚

197 3342 391 3411 vulgo.
486 3348 536 3396 3.
597 3340 759 3396 Oscos
804 3342 887 3396 vel
941 3341 1129 3411 (8011..)
1226 3342 1389 3396 Oscos
1433 3343 1621 3395 eludes
1665 3342 1993 3395 desiderasse
2035 3341 2119 3391 vel

197 3411 258 3466 M
273 3419 320 3466 1.
356 3411 488 3536 mg
528 3413 686 3466 ludos
733 3414 816 3467 vel
867 3411 995 3480 Me,
1042 3413 1103 3466 B.
1161 3441 1229 3451 -—
1283 3413 1640 3480 spectavimus
1685 3411 1816 3478 (Nm)
1914 3412 2117 3475 speeta-

199 3497 323 3537 mus

310 3571 539 3612 ciceroni·
566 3573 692 3621 eupit
720 3572 1690 3619 1.13
