2338 3691
172 2051 208 2098 4

181 3198 207 3245 1
226 3227 229 3230 .

243 120 372 183 292
805 119 882 173 Μ.
920 119 1169 175 TULLII
1204 116 1586 175 CICERONIS

242 287 422 348 nam,
478 265 533 328 si
576 267 744 342 tum,
799 286 998 347 quum
1042 264 1356 349 habebas,
1411 285 1573 348 quos
1616 264 1966 348 imitar-ere,
2019 285 2154 330 non

242 354 521 418 multum
561 352 961 437 proficiebas,
1006 353 1159 437 quid
1205 374 1379 418 nunc
1423 356 1490 416 te
1525 352 1848 418 facturum
1888 353 2152 437 putem?

245 440 570 525 Spurinna
614 441 899 526 quidem,
952 463 1152 525 quum
1198 442 1257 507 ei
1300 464 1438 506 rem
1490 442 2037 507 demonstrassem
2088 444 2156 505 et

241 531 444 595 vitam
486 532 667 594 tuam
714 531 1107 614 superiorem
1143 531 1599 615 exposuissem,
1643 551 1956 615 magnum
1990 530 2153 614 peri-

243 619 458 683 culum
504 640 790 684 summae
844 620 939 684 rei
983 619 1279 703 publicae
1326 619 1836 703 demonstrabat,
1890 619 2019 683 nisi
2072 618 2153 683 ad

244 707 639 792 superiorem
676 708 1209 773 consuetudinem
1243 712 1402 792 tum,
1447 730 1647 792 quum
1671 706 1999 773 Favonius
2043 707 2153 772 fia·

241 800 359 880 ret,
402 797 800 880 revertisses3
844 797 970 861 hoc
1004 800 1295 883 tempore
1330 796 1486 861 ferri
1520 817 1729 880 posse,
1774 797 1831 862 si
1875 796 2046 861 forte
2080 799 2153 862 tu

241 885 450 970 frigus
494 884 663 950 ferre
708 907 845 969 non
887 906 1130 969 posseS.
1213 883 1337 951 Sed
1382 885 1766 970 mehercule,
1805 885 1897 949 mi
1942 883 2154 968 Paete,

244 977 423 1038 extra
466 974 681 1039 iocum
723 995 956 1040 moneo
1001 977 1086 1057 te,
1130 975 1303 1058 quod
1339 974 1660 1058 pertinere
1704 974 1787 1038 ad
1831 973 2018 1038 beate
2063 974 2152 1038 vi-

242 1063 523 1127 vendum
550 1063 845 1147 arbitror,
884 1065 961 1128 ut
986 1084 1133 1127 cum
1160 1064 1315 1128 viris
1343 1063 1550 1146 bonis,
1584 1062 1900 1147 iucundis,
1935 1084 2152 1128 aman·

242 1151 415 1216 tibus
451 1151 548 1216 tui
584 1151 788 1217 vivas:
834 1152 998 1216 nihil
1036 1155 1136 1216 est
1172 1152 1387 1236 aptius
1423 1152 1613 1235 vitae,
1647 1150 1812 1215 nihil
1848 1151 1930 1215 ad
1966 1151 2151 1216 beate

242 1239 585 1305 vivendum
631 1240 1200 1324 accommodatius3
1243 1262 1364 1305 nec
1398 1241 1466 1305 id
1502 1240 1584 1304 ad
1620 1241 2018 1324 voluptatem
2058 1261 2153 1304 re-

241 1330 399 1413 fero,
435 1329 545 1395 sed
585 1330 668 1393 ad
705 1329 1235 1394 communitatem
1269 1330 1440 1394 vitae
1468 1332 1663 1414 atque
1688 1329 1896 1394 victus
1933 1330 2152 1393 remis-

243 1418 615 1502 sionemque
641 1418 1024 1502 animorum,
1060 1439 1225 1502 quae
1252 1417 1527 1483 maxime
1556 1439 1849 1483 sermone
1877 1417 2153 1482 efficitur

240 1505 564 1591 familiari,
600 1507 713 1590 qui
747 1511 848 1572 est
881 1508 953 1571 in
989 1507 1301 1572 conviviis
1330 1507 1755 1590 dulcissimus,
1792 1510 1868 1571 ut
1902 1507 2150 1590 sapien·

241 1595 372 1660 tius
399 1595 608 1660 nostri
635 1617 828 1679 quam
849 1595 1102 1660 Graeci:
1130 1596 1226 1660 illi
1254 1594 1592 1677 συμπόσια
1620 1597 1734 1659 aut
1752 1591 2148 1673 σύνδειπνα,

241 1683 309 1748 id
355 1688 457 1748 est
500 1685 1012 1767 compotationes
1058 1688 1175 1748 aut
1210 1684 1764 1768 concoenationes,
1809 1704 1930 1748 nos
1966 1704 2151 1767 „con-

243 1770 466 1856 vivia“,
509 1772 681 1857 quod
726 1776 867 1837 tum
909 1773 1184 1838 maxime
1232 1772 1423 1838 simul
1466 1772 1720 1838 vivitur.
1809 1771 2027 1856 Vides,
2079 1774 2154 1835 ut

242 1864 308 1925 te
352 1861 870 1945 philosophando
915 1884 1216 1928 revocare
1261 1884 1457 1928 coner
1499 1862 1583 1926 ad
1628 1884 1880 1929 coenas.
1965 1859 2154 1945 Cura,

243 1952 319 2013 ut
362 1951 604 2034 valeas3
648 1950 715 2014 id
760 1951 918 2017 foris
965 1951 1350 2017 coenitando
1394 1950 1700 2016 facillime
1745 1970 2152 2035 consequere.

246 2036 371 2103 Sed
416 2060 587 2123 cave,
632 2039 688 2103 si
732 2062 835 2104 me
881 2063 1078 2123 amas,
1121 2040 1447 2105 existimes
1493 2062 1614 2124 me,
1659 2040 1830 2124 quod
1875 2039 2154 2105 iocosius

247 2127 539 2212 scribam,
586 2128 893 2193 abiecisse
940 2151 1161 2194 curam
1205 2130 1299 2193 rei
1342 2129 1655 2213 publicae.
1730 2126 1835 2193 Sic
1880 2127 2016 2210 tibi,
2061 2128 2153 2192 mi

242 2214 457 2300 Paete,
491 2217 823 2300 persuade,
867 2239 970 2282 me
1007 2218 1142 2282 dies
1180 2222 1247 2282 et
1280 2220 1503 2282 noctes
1539 2217 1704 2282 nihil
1740 2217 1915 2282 aliud
1944 2236 2155 2302 agere,

245 2305 406 2369 nihil
452 2326 703 2389 curare,
748 2306 879 2371 nisi
922 2310 999 2372 ut
1040 2307 1169 2371 mei
1215 2307 1383 2371 cives
1431 2307 1592 2372 salvi
1635 2306 1948 2389 liberique
1992 2305 2154 2369 sint:

243 2394 494 2458 nullum
538 2395 753 2459 locum
798 2395 1241 2479 praetermitto
1282 2395 1605 2478 monendi,
1646 2394 1899 2479 agendi,
1942 2393 2155 2479 provi-

246 2481 463 2566 dendi3
496 2482 621 2547 hoc
660 2483 932 2568 denique
969 2484 1187 2549 animo
1225 2506 1385 2567 sum,
1421 2487 1512 2568 ut,
1548 2484 1604 2547 si
1628 2484 1700 2547 in
1725 2483 1851 2547 hac
1877 2503 2032 2548 cura
2058 2486 2154 2545 at-

244 2593 366 2656 que
395 2571 951 2638 administratione
986 2573 1123 2637 vita
1156 2573 1318 2637 mihi
1352 2572 1654 2657 ponenda
1689 2572 1792 2656 sit,
1826 2572 2155 2656 praeclare

244 2665 460 2726 actum
503 2682 754 2726 mecum
797 2665 1037 2745 putem.
1125 2660 1346 2727 Etiam
1392 2664 1584 2746 atque
1629 2661 1825 2726 etiam
1869 2661 2027 2726 vale.

1090 2856 1298 2921 XXV.

313 2966 427 3023 Sor.
468 2967 777 3022 Laodiceae
811 2983 998 3023 mense
1035 2968 1341 3024 Februario
1377 2969 1529 3037 (post
1554 2966 1656 3035 Id.)
1695 2983 1742 3020 a.
1781 2985 1836 3022 u.
1874 2982 1920 3021 c.
1962 2973 2082 3021 704.

825 3090 1082 3147 CICERO
1119 3092 1266 3146 ΙΜΡ.
1304 3090 1560 3146 PAETO.

380 3187 715 3254 Summum
767 3213 868 3256 me
925 3192 1151 3257 ducem
1206 3192 1458 3256 litterae
1511 3193 1660 3255 tuae
1713 3188 2154 3254 reddiderunt:

248 3275 437 3358 plane
484 3279 848 3343 nesciebam
892 3284 957 3345 te
1002 3285 1139 3345 tam
1183 3281 1463 3364 peritum
1508 3300 1646 3345 esse
1691 3279 1785 3343 rei
1829 3278 2157 3361 militaris;

390 3463 491 3534 Ep.
532 3471 615 3533 24,
645 3473 693 3521 3.
766 3484 972 3527 coenas.
1045 3471 1201 3528 Oura
1235 3473 1386 3543 (W.).
1459 3469 1657 3527 cenas?
1730 3470 1885 3526 Cura
1907 3470 2100 3540 vulgo.
