2338 3691
195 61 270 114 IV
952 63 1384 121 PRAEFATIO.

194 219 443 285 codices
499 241 638 284 esse
695 222 924 286 statuit
976 225 1171 307 atque
1223 223 1295 287 in
1348 222 1639 308 epistolis
1693 226 1776 290 ad
1829 222 2121 290 Atticum

194 328 260 389 et
313 325 395 389 ad
451 324 524 401 Q.
569 324 864 391 Fratrem
919 330 984 391 et
1036 329 1165 412 „ad
1210 327 1532 394 Brutum“
1585 331 1788 395 codici
1832 330 2120 397 Mediceo

192 431 398 495 multo
471 431 798 516 deteriori,
881 455 1074 517 quam
1148 434 1311 498 alter
1381 434 1490 498 ille
1555 436 1971 519 epistolarum
2039 437 2122 501 ad

192 535 662 620 „Familiares“
728 541 852 622 est,
924 538 1195 604 nimiam
1257 539 1451 604 fidem
1510 540 1743 606 habuit
1810 542 2120 626 neglectis

193 642 408 706 codice
471 643 910 708 Tornaesiano
973 642 1088 729 (de
1144 665 1299 729 quc,
1365 668 1561 730 quum
1623 650 1795 712 recte
1859 650 2117 712 auctore

191 745 279 810 M.
307 746 595 832 Hauptio
622 749 1117 832 pseudocodices
1152 751 1301 815 illos
1328 749 1672 836 BosianoS,
1698 751 2118 821 Decurtatum

194 856 259 917 et
305 851 760 939 Crusellinum,
817 855 954 940 qui,
1007 858 1081 919 ut
1127 877 1380 940 omnes,
1434 857 1528 921 ita
1580 878 1684 922 me
1740 848 1896 922 olim
1942 858 2118 922 dece-

192 962 448 1043 perant,
493 980 572 1023 ex
618 960 907 1044 epistolis
951 959 1179 1044 „furca
1234 961 1644 1047 expulisset“,
1688 963 1884 1028 nimis
1932 983 2118 1047 saepe

192 1062 389 1130 Bosio
416 1086 552 1130 non
592 1065 915 1152 credidit),
949 1069 1199 1151 „vetere
1238 1068 1452 1133 codice
1462 1067 1498 1101 “
1522 1066 1821 1134 Lambini
1849 1066 2120 1154 (eodem,

196 1169 306 1253 qui
369 1170 452 1235 ab
513 1170 658 1255 ipso
723 1170 1040 1237 Lambino
1105 1173 1585 1238 Tornaesianus
1646 1177 1931 1256 vocatur,
2004 1176 2120 1237 aut

194 1279 364 1340 certe
411 1276 546 1342 eius
595 1276 967 1363 simillimo),
1012 1276 1390 1344 Antoniano
1428 1282 1494 1344 et
1526 1278 1882 1344 Faerniano
1910 1275 2115 1341 Mala-

195 1382 445 1466 spinae,
507 1381 807 1449 Palatino
864 1386 1095 1469 quarto
1151 1383 1438 1468 Gruteri,
1502 1385 1637 1450 cod.
1682 1383 1914 1466 Laudi,
1978 1383 2114 1448 cod.

193 1485 503 1571 Turnebi,
550 1488 937 1553 editionibus
973 1489 1374 1552 Ascensiana
1384 1491 1614 1572 altera,
1672 1488 2119 1572 Cratandrina,

193 1590 656 1658 LambinianiS.
745 1591 974 1674 Itaque
1011 1610 1131 1674 ego
1180 1592 1263 1655 ad
1298 1591 1644 1674 pristinum
1698 1594 1861 1658 illud
1904 1613 2118 1658 meum

195 1699 534 1762 consilium
605 1695 853 1760 tamdiu
926 1695 1236 1761 omissum
1306 1715 1480 1759 nunc
1539 1696 1805 1761 tandem
1868 1698 2121 1781 reverti,

196 1824 393 1887 quum
439 1804 696 1866 auctore
739 1801 882 1887 ipso
912 1801 1251 1867 Teubnero
1286 1822 1447 1886 non,
1490 1804 1565 1866 ut
1597 1801 1736 1887 ipse
1772 1805 2120 1889 volueram,

194 1908 570 1973 fasciculum
594 1910 853 1972 tantum
879 1908 1159 1993 aliquem
1187 1905 1823 1991 „Emendationum“
1849 1911 2120 1995 ederem,

195 2014 308 2079 sed
343 2034 582 2078 novam
616 2012 784 2078 hanc
820 2013 1238 2097 epistolarum
1272 2014 1779 2099 recognitionem
1823 2016 2121 2099 facerem,

196 2141 391 2204 quam
434 2119 615 2184 brevi
659 2121 1086 2203 consequetur
1129 2123 1464 2203 separatus
1521 2120 1605 2185 ab
1650 2120 1795 2204 ipsa
1838 2120 2118 2185 editione

193 2221 535 2290 fasciculus
587 2225 722 2308 ille,
794 2245 920 2309 quo
989 2224 1113 2289 erit
1179 2226 1564 2309 gravissima
1627 2243 1915 2311 quaeque
1973 2246 2120 2289 mea

196 2330 505 2396 correctio
534 2330 748 2395 allatis
775 2330 1135 2395 rationibus
1163 2332 1686 2416 argumentisque
1722 2330 2116 2395 confirmata.
2233 2327 2234 2330 ’
2271 2409 2272 2430 ¹

195 2435 294 2501 De
345 2436 666 2502 codicibus
714 2456 877 2520 quae
923 2436 1078 2500 olim
1129 2436 1203 2499 in
1245 2433 1910 2519 „Emendationibus“
1953 2435 2119 2500 meis

198 2543 355 2627 dixi,
410 2564 631 2607 eorum
682 2541 843 2605 illud
898 2561 1150 2626 quoque
1196 2561 1370 2604 nunc
1423 2563 1526 2606 me
1579 2541 1894 2625 poenitet,
1947 2539 2118 2623 quod

198 2648 420 2715 Orellii
464 2647 826 2731 exemplum
863 2649 1116 2710 secutus
1159 2644 1233 2708 in
1268 2645 1556 2730 epistolis
1602 2646 1684 2710 ad
1730 2645 1802 2721 Q.
1828 2644 2121 2710 Fratrem

197 2753 484 2820 Mediceo
547 2753 660 2817 uni
722 2751 1171 2817 auctoritatem
1234 2751 1517 2836 aliquam
1568 2749 1768 2814 tribui
1829 2770 1913 2814 ne
1969 2749 2121 2815 Cra-

196 2859 483 2925 tandrini
539 2859 796 2943 quidem
850 2856 1085 2922 codicis
1146 2857 1397 2922 ratione
1449 2856 1583 2920 ulla
1635 2853 1886 2938 habita,
1942 2856 2122 2920 cuius

197 2966 451 3050 pondus
503 2964 576 3028 in
627 2964 708 3029 iis
760 2963 933 3027 idem
986 2966 1180 3049 atque
1233 2965 1303 3028 in
1357 2959 1646 3045 epistolis
1702 2958 1785 3025 ad
1830 2959 2124 3025 Atticum

200 3092 338 3136 esse
383 3069 681 3135 Baiterus
725 3069 865 3154 ipse
911 3070 1113 3134 serius
1161 3067 1638 3150 animadvertit,
1685 3088 1880 3153 quam
1925 3069 2001 3130 ut
2045 3087 2122 3130 eo

197 3178 266 3241 in
315 3198 431 3242 sua
474 3176 846 3241 recensione
891 3175 989 3239 uti
1032 3177 1272 3259 posset.
1371 3172 1627 3258 Cetera,
1683 3192 1847 3257 quae
1894 3171 1971 3235 de
2020 3191 2123 3236 co-

199 3283 413 3347 dicum
456 3280 820 3346 rationibus
862 3279 1184 3344 habebam
1222 3300 1385 3363 quae
1422 3278 1696 3342 dicerem
1739 3279 1995 3361 praeter
2031 3297 2126 3361 ea,

201 3409 365 3474 quae
409 3388 540 3452 iam
582 3386 654 3451 in
696 3383 1369 3471 „Emendationibus“
1410 3404 1782 3468 posueram,
1833 3383 1905 3447 in
1959 3403 2129 3459 eum.
