2338 3691
378 125 449 180 M.
475 123 718 179 TULLII
744 124 1152 181 CICERONIS
1180 126 1700 182 EPISTOLARUM
1728 127 1796 180 11.
1832 134 1984 180 1-3.
2095 127 2181 190 35

264 271 431 356 quod
454 293 552 335 me
583 271 708 335 tibi
741 272 1123 356 praecipere
1162 294 1342 336 meus
1378 271 1772 337 incredibilis
1808 273 1881 336 in
1906 276 1972 336 te
2001 294 2181 338 amor

262 361 458 446 cogit:
517 364 706 424 tanta
751 364 853 425 est
893 361 1295 444 exspectatio
1349 361 1452 425 vel
1507 361 1707 425 animi
1769 362 1872 425 vel
1933 362 2181 446 ingenii

260 453 376 534 tui,
420 453 494 514 ut
537 470 657 534 ego
701 452 771 513 te
818 449 1156 514 obsecrare
1205 448 1639 534 obtestarique
1693 473 1830 515 non
1875 450 2180 534 dubitem,

261 540 353 603 sic
391 539 476 602 ad
509 560 630 603 nos
668 538 1086 603 confirmatus
1122 541 1462 621 revertare,
1498 542 1589 623 ut,
1627 561 1820 622 quam
1857 544 2178 625 exspecta·

258 628 511 692 tionem
544 627 643 691 tui
678 626 1039 710 concitasti,
1072 626 1246 691 hanc
1283 627 1598 692 sustinere
1636 649 1711 692 ac
1746 629 1915 693 tueri
1951 629 2179 713 possis,

261 719 345 801 et,
392 717 702 800 quoniam
747 737 958 780 meam
999 719 1263 780 tuorum
1308 737 1462 802 erga
1496 739 1600 781 me
1636 717 2013 782 meritorum
2048 739 2178 781 me-

258 806 539 870 moriam
583 805 765 869 nulla
808 826 1114 889 umquam
1158 804 1397 869 delebit
1442 805 1707 907 oblivio,
1761 809 1825 869 te
1870 828 2060 892 rogo,
2105 810 2180 871 ut

258 895 653 978 memineriS,
701 896 1254 977 quantaecumque
1298 894 1419 957 tibi
1466 895 1861 959 accessiones
1906 895 2068 960 fient
2112 898 2179 959 et

255 984 566 1048 fortunae
612 985 678 1047 et
714 982 1067 1067 dignitatis,
1113 1003 1221 1046 eas
1257 986 1323 1046 te
1358 1004 1494 1046 non
1528 983 1816 1067 potuisse
1855 984 2179 1068 consequi,

254 1074 389 1138 nisi
434 1072 592 1136 meis
637 1093 800 1156 puer
845 1070 1001 1135 olim
1043 1070 1431 1136 fidelissimis
1477 1076 1670 1174 atque
1718 1073 2178 1138 amantissimis

258 1161 547 1225 consiliis
591 1160 935 1244 paruisses.
1033 1158 1244 1234 Quare
1297 1160 1422 1225 hoc
1477 1162 1693 1226 animo
1746 1162 1818 1226 in
1863 1184 1984 1227 nos
2039 1183 2177 1227 esse

256 1249 539 1333 debebis,
583 1253 661 1314 ut
706 1251 886 1313 aetas
922 1252 1148 1313 nostra
1182 1249 1313 1312 iam
1352 1250 1809 1334 ingravescens
1843 1252 1916 1315 in
1959 1271 2176 1316 amore

256 1343 456 1424 atque
497 1338 569 1404 in
614 1337 1052 1403 adolescentia
1095 1340 1211 1401 tua
1255 1339 1686 1423 conquiescat.

1172 1532 1259 1598 H.

823 1644 935 1700 Scr.
972 1643 1185 1700 Romae
1224 1663 1272 1700 a.
1312 1664 1365 1701 11.
1404 1663 1450 1701 c.
1492 1651 1611 1701 ⁷01.

710 1767 788 1824 M.
826 1767 1083 1824 CICERO
1122 1769 1176 1824 S.
1214 1769 1281 1824 D.
1320 1768 1377 1824 C.
1416 1769 1728 1829 CURIONI.

390 1869 587 1937 Gravi
630 1874 800 1935 teste
844 1870 1136 1955 privatus
1184 1893 1327 1935 sum
1372 1872 1609 1936 amoris
1647 1871 1880 1935 summi
1921 1893 2075 1958 erga
2110 1877 2175 1937 te

249 1962 402 2045 mei,
447 1964 634 2045 patre
678 1963 815 2044 tue,
860 1960 1214 2024 clarissimo
1262 1961 1419 2044 viro,
1465 1961 1575 2045 qui
1620 1981 1817 2045 quum
1863 1962 1996 2025 suis
2039 1962 2175 2026 lau-

247 2049 474 2133 dibus,
524 2052 669 2115 tum
713 2069 865 2113 vero
911 2051 976 2112 te
1030 2048 1164 2113 filio
1213 2052 1579 2133 superasset
1632 2049 1920 2114 omnium
1973 2050 2174 2115 fortu-

245 2161 431 2223 nam,
476 2138 533 2202 si
576 2137 639 2202 ei
683 2137 1080 2223 contigisset,
1123 2140 1201 2201 ut
1241 2140 1308 2201 te
1355 2140 1506 2202 ante
1530 2138 1804 2221 videret,
1849 2160 2044 2223 quam
2086 2135 2171 2225 [a]

244 2229 393 2293 vita
448 2226 809 2310 decederet3
877 2226 989 2291 sed
1044 2247 1232 2310 spero
1292 2229 1585 2291 nostram
1638 2227 1986 2291 amicitiam
2038 2249 2176 2292 non

247 2337 451 2402 egere
494 2315 789 2380 testibus
862 2314 1011 2380 Tibi
1054 2315 1518 2408 patrimonium
1554 2314 1622 2379 di
1663 2316 2026 2382 fortunent.
2072 2338 2174 2381 me

246 2408 429 2471 certe
465 2404 757 2488 habebis,
793 2404 895 2468 cui
931 2408 999 2469 et
1033 2426 1219 2469 carus
1258 2425 1457 2489 aeque
1496 2404 1583 2469 sis
1619 2407 1687 2469 et
1719 2405 2175 2490 iucunduS,ac

251 2494 443 2560 fuisti
485 2493 675 2578 patri.

1161 2668 1281 2734 ΠΙ.

821 2781 933 2837 Ser.
973 2781 1186 2837 Romae
1224 2799 1273 2836 a.
1312 2801 1364 2836 u.
1404 2798 1451 2836 c.
1484 2787 1602 2838 701.

699 2905 775 2961 M.
813 2904 1070 2962 CICERO
1109 2906 1164 2961 S.
1201 2907 1267 2961 D.
1307 2905 1364 2961 C.
1403 2905 1720 2961 CURIONI.

385 3005 616 3091 Rupae
662 3006 946 3071 studium
997 3028 1133 3072 non
1189 3007 1394 3071 defuit
1447 3004 1979 3070 declarandorum
2034 3028 2170 3071 mu·
2210 3023 2238 3072 1

249 3118 486 3162 nerum
511 3099 625 3161 tuo
654 3096 936 3181 nomine,
972 3095 1084 3160 sed
1111 3118 1233 3160 nec
1259 3095 1419 3160 mihi
1444 3094 1691 3180 placuit
1724 3115 1844 3159 nec
1873 3094 2172 3178 cuiquam

396 3270 502 3341 Ep.
539 3272 580 3325 I.
612 3278 659 3326 2.
736 3272 1090 3338 confirmatus
1129 3271 1285 3339 (Μ2.,
1321 3270 1451 3338 W).
1526 3269 1895 3335 conformatus
1930 3267 1988 3320 M
2005 3274 2068 3333 1.,
2106 3268 2167 3320 B.

254 3344 639 3412 ——comequi,
683 3344 802 3397 nisi
844 3359 912 3396 m.
963 3342 1106 3410 (edd.
1145 3343 1325 3410 vett..)
1413 3356 1456 3393 c.
1504 3356 1572 3393 m.
1618 3340 1692 3392 M.
1785 3354 1856 3402 c.,
1901 3338 1965 3389 m·
1998 3353 2066 3388 m.
2105 3336 2167 3387 B.

251 3412 357 3482 Ep.
397 3419 447 3468 2.
533 3430 698 3483 quam
735 3413 819 3484 [a]
856 3415 974 3467 vita
1001 3413 1269 3466 decederet
1308 3410 1457 3479 (W.).
1538 3425 1701 3477 quam
1747 3407 1991 3461 amavita
2035 3405 2166 3457 dise.

252 3482 330 3537 Μ.
403 3501 451 3540 α.
489 3502 526 3539 α
559 3487 676 3540 vita
712 3486 844 3539 dise.
883 3484 946 3538 B.
986 3513 1052 3522 -
1090 3482 1152 3536 di
1190 3480 1444 3546 (Nonius,
1470 3479 1601 3547 W.).
1674 3478 1764 3530 dei
1797 3474 1926 3527 ΜΒ.
