2338 3691
228 140 360 208 420
793 142 868 198 Μ.
907 141 1157 197 TULLII
1193 139 1575 197 CICERONIS

226 292 300 354 ut
345 288 712 354 existiment
757 308 905 352 eum
943 287 1126 371 quasi
1163 287 1382 351 divino
1422 285 1692 361 consilio
1729 284 1840 349 isti
1876 283 2149 369 negotio

226 377 665 462 praepositum
728 397 894 459 esse,
958 376 1128 460 apud
1196 397 1387 459 quem
1447 396 1652 438 unum
1713 394 1864 457 nos,
1921 394 2151 438 eorum

225 466 521 551 perpetui
568 465 958 550 defensores,
1003 464 1353 550 plurimum
1397 464 1610 529 valere
1655 483 2010 547 possemuS.

1141 659 1223 724 V.

422 813 437 818 -
546 772 659 828 Sor.
698 773 907 828 Romae
944 789 1136 828 menso
1175 771 1407 827 Octobri
1442 787 1492 826 a.
1531 788 1583 825 n.
1623 788 1669 825 c.
1703 777 1821 826 709.

417 897 503 952 Μ.
542 896 800 953 CICERO
840 897 892 953 S.
932 897 998 951 D.
1037 896 1099 963 Q.
1137 895 1461 951 VALERIO
1491 894 1659 950 LEG.
1698 894 1956 951 PROPR.

361 995 514 1064 Non
581 999 850 1064 moleste
922 997 1062 1063 fero
1135 1018 1282 1061 eam
1343 995 1909 1080 necessitudinem,
1982 1016 2150 1078 quae

228 1086 389 1152 mihi
431 1090 646 1152 tecum
692 1089 817 1171 est,
860 1089 1087 1152 notam
1141 1107 1279 1150 esse
1326 1107 1521 1169 quam
1564 1084 1858 1169 plurimis
1866 1135 1885 1169 ,
1936 1105 2150 1168 neque

226 1180 448 1242 tamen
512 1176 596 1242 ob
651 1197 795 1240 eam
853 1197 1113 1240 causam
1158 1211 1244 1221 --
1291 1174 1464 1258 quod
1517 1177 1592 1238 tu
1637 1174 1880 1258 optime
1934 1173 2152 1238 existi·

227 1287 403 1332 mare
463 1268 648 1349 potes
695 1301 780 1312 —
826 1268 891 1329 te
936 1263 1246 1349 impedio,
1309 1285 1436 1346 quo
1496 1262 1712 1327 minus
1777 1266 2152 1346 susceptum

229 1355 565 1440 negotium
619 1376 736 1456 pro
789 1357 906 1418 tua
957 1353 1084 1417 fide
1149 1355 1216 1417 et
1270 1351 1607 1438 diligentia
1669 1373 1749 1416 ex
1810 1352 2149 1417 voluntate

230 1441 548 1527 Caesaris,
602 1443 713 1527 qui
764 1443 887 1507 tibi
931 1464 1069 1508 rem
1114 1462 1423 1527 magnam
1477 1440 1931 1524 difficilemque
1977 1462 2149 1505 com-

228 1532 422 1617 misit,
467 1553 688 1618 gerere
733 1531 969 1616 possis3
1014 1553 1187 1615 nam,
1233 1552 1431 1614 quum
1475 1529 1664 1594 multi
1710 1551 1750 1594 a
1785 1551 1887 1595 me
1919 1532 2151 1613 petant

229 1623 451 1706 multa,
492 1620 663 1705 quod
703 1620 780 1685 de
816 1624 934 1686 tua
970 1641 1125 1705 erga
1161 1642 1265 1684 me
1300 1620 1637 1685 voluntate
1665 1640 1799 1684 non
1830 1617 2149 1703 dubitent,

229 1732 364 1775 non
419 1710 780 1792 committO,
834 1712 910 1773 ut
963 1709 1316 1773 ambitione
1370 1729 1515 1772 mea
1569 1707 1951 1773 conturbem
2005 1706 2149 1772 offi-

233 1799 403 1863 cium
446 1801 649 1864 tuum.
723 1761 791 1864 O'.
821 1795 1043 1865 Curtio
1090 1798 1174 1864 ab
1215 1799 1478 1863 ineunte
1524 1799 1737 1862 aetate
1782 1795 2150 1863 familiaris-

232 1890 389 1952 sime
446 1910 590 1953 sum
643 1910 825 1970 usus3
879 1889 1016 1951 eius
1072 1890 1138 1952 et
1193 1885 1442 1952 Sullani
1495 1885 1805 1970 temporis
1863 1886 2151 1950 iniustis-

233 1978 397 2041 sima
458 1978 825 2041 calamitate
891 1976 1069 2042 dolui
1133 1979 1225 2059 et,
1288 1997 1485 2060 quum
1539 1975 1647 2060 iis,
1709 1975 1821 2060 qui
1875 1975 2152 2039 similem

230 2065 533 2130 iniuriam
597 2068 1001 2150 acceperant,
1056 2065 1309 2130 amissis
1365 2064 1664 2130 omnibus
1718 2063 2000 2130 fortunis
2053 2085 2152 2128 re-

233 2155 403 2219 ditus
448 2158 668 2220 tamen
720 2154 793 2218 in
836 2154 1115 2239 patriam
1159 2154 1495 2219 voluntate
1551 2152 1841 2219 omnium
1885 2153 2153 2218 concedi

231 2242 574 2328 videretur,
618 2244 874 2308 adiutor
917 2242 1381 2307 incolumitatis
1426 2242 1548 2307 fui:
1592 2242 1650 2306 is
1685 2241 1886 2306 habet
1918 2242 1991 2306 in
2017 2241 2152 2307 Vo-

232 2333 556 2398 laterrano
610 2333 1108 2417 possessionem,
1163 2354 1362 2415 quum
1413 2330 1486 2395 in
1538 2352 1683 2395 eam
1736 2333 2072 2414 tamquam
2115 2352 2152 2396 e

232 2421 575 2506 naufragio
620 2421 923 2506 reliquias
970 2421 1375 2504 contulisset3
1426 2419 1552 2484 hoc
1599 2423 1816 2484 autem
1859 2423 2154 2503 tempore

234 2531 382 2574 eum
436 2509 672 2575 Caesar
724 2511 795 2575 in
849 2512 1146 2574 senatum
1199 2510 1387 2594 legit,
1450 2530 1652 2593 quem
1696 2508 1988 2573 ordinem
2041 2509 2154 2573 ille

233 2598 360 2664 ista
412 2599 819 2683 possessione
875 2598 1113 2663 amissa
1163 2598 1334 2662 tueri
1387 2596 1494 2662 vix
1546 2600 1790 2681 potest3
1851 2596 2154 2682 gravissi-

234 2710 412 2752 mum
458 2691 675 2753 autem
731 2691 854 2771 est,
911 2708 1109 2771 quum
1156 2686 1448 2788 superior
1498 2685 1712 2751 factus
1768 2686 1854 2750 sit
1909 2686 2156 2771 ordine,

235 2777 608 2841 inferiorem
655 2798 791 2840 esse
836 2738 1121 2860 i'ortuna,
1164 2776 1555 2859 minimeque
1602 2774 1907 2841 convenit
1949 2796 2029 2840 ex
2077 2797 2153 2840 eo

237 2887 414 2951 agro,
461 2865 571 2949 qui
609 2862 901 2929 Caesaris
947 2864 1127 2929 iussu
1173 2864 1514 2948 dividatur,
1559 2885 1708 2928 eum
1742 2864 2005 2949 moveri,
2043 2865 2157 2948 qui

236 2953 530 3019 Caesaris
591 2953 903 3019 beneficio
978 2957 1239 3019 senator
1307 2954 1406 3018 sit.
1525 2950 1650 3017 Sed
1713 2952 1873 3016 mihi
1938 2954 2155 3018 minus

235 3042 397 3107 libet
439 3043 645 3107 multa
690 3042 768 3106 de
814 3042 1139 3125 aequitate
1185 3042 1278 3107 rei
1324 3042 1627 3126 scribere,
1672 3062 1754 3105 ne
1801 3063 1996 3106 causa
2039 3065 2154 3126 po·

236 3130 366 3193 tius
413 3131 583 3215 apud
628 3134 693 3195 te
740 3131 1015 3197 valuisse
1061 3130 1281 3196 videar
1325 3152 1520 3214 quam
1564 3130 1801 3215 gratia3
1847 3132 2156 3214 quamob-

238 3238 376 3281 rem
419 3221 484 3282 te
529 3219 601 3282 in
644 3221 954 3286 maiorem
996 3221 1260 3286 modum
1306 3240 1487 3305 rog0,
1530 3223 1607 3284 ut
1652 3217 1720 3285 C.
1766 3217 1973 3284 Curtii
2016 3243 2157 3285 rem

241 3326 450 3368 meam
492 3311 680 3390 putes
726 3331 889 3375 esse:
945 3309 1255 3394 quidquid
1310 3330 1454 3373 mea
1499 3329 1693 3374 causa
1738 3309 2008 3395 faceres,
2061 3314 2156 3395 ut,

383 3495 484 3565 Ep.
524 3501 575 3551 5.
650 3500 736 3553 M.
776 3500 1071 3557 σΙσΕΒο
1108 3502 1260 3571 (w.>.
1336 3501 1633 3557 CICERO
1667 3503 1760 3571 M„
1798 3502 1983 3573 vulgo.
