2338 3691
717 62 1228 118 EPISTOLARUM
1263 62 1360 116 111.
1402 69 1484 117 10.
1976 60 2060 124 83

187 206 241 268 te
281 207 482 271 autem
529 207 757 291 quibus
811 208 1161 272 mendaciis
1206 207 1503 273 homines
1556 206 1865 272 levissimi
1912 227 2058 270 one·
2099 219 2128 268 ’1

186 295 406 384 rarunt!
458 316 596 360 non
650 296 838 362 modo
894 296 1186 361 sublatos
1241 299 1559 380 sumptuS‚
1616 295 1727 362 sed
1783 294 1975 359 etiam
2022 316 2062 359 a

185 381 685 474 procuratoribus
724 406 971 470 eorum,
1017 385 1128 470 qui
1172 384 1303 449 iam
1347 384 1620 468 profecti
1667 387 1907 468 essent,
1966 404 2059 448 re-

184 472 391 553 petitos
437 476 502 537 et
549 473 828 558 01110108,
883 494 1150 558 eamque
1207 494 1465 537 causam
1519 474 1741 538 multis
1798 473 2061 538 omnino

184 580 296 625 non
337 561 529 627 eundi
574 559 792 627 fuisse.
884 560 1197 639 Quererer
1248 564 1462 626 tecum
1503 565 1708 652 ⁶atque
1766 565 2062 645 expostu-

182 646 371 734 larem,
412 651 503 736 ni,
548 653 624 716 ut
659 672 853 735 supra
890 651 1135 736 scripsi,
1178 671 1456 735 purgare
1492 672 1593 715 me
1630 650 1750 715 tibi
1784 650 1909 716 hoc
1946 653 2059 715 tuo

183 740 438 824 tempore
496 761 692 824 quam
747 759 1045 804 accusare
1099 743 1165 803 te
1221 740 1481 803 mallem
1523 739 1714 825 idque
1768 742 2064 824 putarem

183 846 296 891 esse
345 828 600 893 rectius.
682 827 916 913 Itaque
971 827 1136 893 nihil
1191 827 1268 893 de
1323 831 1415 912 te,
1469 829 1639 913 quod
1697 827 2063 911 credideris3

183 913 244 978 de
290 936 413 1001 me,
478 917 897 1006 quamobrem
958 938 1094 982 non
1157 916 1452 982 debueris
1515 917 1794 1000 credere,
1856 938 2064 1000 pauca

183 1002 385 1070 dicam:
448 1027 633 1091 nam,
694 1006 752 1071 si
805 1028 907 1071 me
961 1006 1169 1071 virum
1223 1006 1494 1091 bonum,
1553 1006 1608 1070 si
1663 1006 1930 1093 dignum
1983 1005 2062 1069 iis

183 1092 380 1166 studiis
427 1116 632 1180 eaque
678 1093 997 1179 doctrina,
1054 1095 1156 1159 cui
1212 1116 1314 1159 me
1367 1117 1409 1159 a
1451 1095 1728 1179 pueritia
1782 1094 1952 1178 dedi,
2008 1094 2064 1157 si

183 1182 315 1262 satis
357 1184 581 1271 magni
628 1183 845 1269 animi,
887 1204 1023 1249 non
1068 1183 1319 1248 minimi
1365 1184 1615 1249 consilii
1654 1184 1725 1250 in
1769 1181 2062 1247 maximis

180 1269 345 1337 rebus
394 1277 808 1359 perspectum
867 1272 1069 1337 habes
1077 1324 1095 1356 ,
1159 1271 1322 1337 nihil
1384 1272 1455 1337 in
1518 1294 1619 1336 me
1682 1293 1818 1337 non
1871 1270 2062 1336 modo

182 1359 568 1441 perfidiosum
615 1365 681 1427 01
722 1360 1102 1427 insidiosum
1149 1365 1217 1425 et
1251 1361 1450 1425 fallax
1493 1361 1563 1425 in
1609 1360 1908 1444 amicitia,
1954 1358 2064 1423 sed

185 1467 250 1510 ne
295 1448 532 1516 humile
600 1450 857 1536 quidem
920 1454 1035 1516 aut
1093 1450 1382 1515 ieiunum
1436 1449 1628 1514 debes
1689 1467 2064 1534 agnoscere3

187 1535 267 1600 sin
315 1543 527 1605 autem
584 1561 688 1604 me
743 1540 1029 1604 astutum
1093 1542 1158 1604 εὴ
1214 1540 1535 1605 occultum
1592 1537 1753 1602 libet
1803 1537 2065 1622 fingere,
2102 1551 2134 1599 8

186 1625 313 1707 quid
354 1623 476 1713 081,
527 1628 702 1715 quod
746 1627 960 1692 minus
1017 1627 1241 1693 cadere
1285 1628 1357 1691 in
1402 1627 1711 1692 eiusmodi
1765 1629 2065 1691 naturam

185 1715 359 1796 possit
428 1719 606 1802 'uam
650 1719 766 1782 aut
801 1716 1240 1783 florentissimi
1273 1716 1554 1783 hominis
1593 1715 1922 1800 aspernari
1957 1715 2063 1779 be·

186 1805 426 1872 nevolen
456 1803 593 1895 iam
634 1807 755 1885 ,aut
800 1806 935 1872 eius
982 1806 1520 1873 existimationem
1575 1825 1950 1891 oppugnare
1994 1804 2065 1868 in

185 1890 537 1981 provincia,‘'
557 1896 735 1981 cuius
780 1896 1036 1961 laudem
1083 1895 1258 1961 domi
1304 1894 1681 1979 defenderiS,
1727 1897 1839 1959 aut
1882 1894 1952 1957 in
1990 1914 2067 1956 ea

185 2000 240 2043 re
280 1985 566 2051 animum
613 1985 948 2051 ostendere
992 1985 1343 2068 inimicum,
1386 1984 1457 2048 in
1503 2005 1630 2068 qua
1664 1983 1826 2047 nihil
1874 1982 2065 2065 obsiS,

187 2074 280 2134 aut
325 2074 391 2137 id
444 2073 684 2159 eligere
739 2073 820 2138 ad
874 2073 1236 2159 perfidiam,
1291 2073 1461 2157 quod
1518 2071 1597 2136 ad
1651 2071 2066 2136 indicandum

187 2158 375 2244 odium
418 2162 900 2248 apertissimum
945 2163 1055 2247 sit,
1100 2161 1183 2226 ad
1226 2160 1586 2226 nocendum
1631 2158 2065 2225 levissimum?

188 2242 327 2321 Quid
379 2255 524 2316 erat
577 2255 819 2336 autem,
873 2273 986 2317 cur
1039 2271 1160 2336 ego
1215 2251 1285 2314 in
1336 2253 1403 2315 te
1456 2252 1591 2314 tam
1644 2247 2067 2334 implacabilis

188 2356 389 2426 essem,
455 2363 655 2425 quum
715 2343 782 2406 te
847 2362 924 2405 ex
984 2339 1185 2405 fratre
1248 2359 1391 2404 meo
1445 2359 1528 2403 ne
1581 2340 1739 2402 tunc
1795 2336 2067 2422 quidem,

189 2445 359 2507 quum
411 2429 538 2495 tibi
600 2451 800 2514 prope
863 2449 1122 2494 necesse
1188 2430 1356 2494 esset
1418 2448 1526 2492 eas
1590 2447 1779 2512 agere
1833 2428 2068 2511 parteS,

187 2511 493 2584 inimicum
539 2519 698 2583 mihi
741 2518 939 2585 fuisse
986 2515 1411 2603 cognossem?
1502 2515 1713 2592 Quum
1766 2536 1918 2580 vero
1972 2535 2066 2577 re-

190 2600 370 2672 ditum
413 2611 711 2674 nostrum
754 2608 826 2672 in
871 2607 1151 2693 ‘gratiam
1195 2608 1462 2690 uterque
1510 2605 1869 2689 expetisset,
1916 2601 2067 2687 quid

188 2688 244 2756 in
300 2697 635 2762 consulatu
686 2700 800 2762 tuo
861 2693 1106 2761 frustra
1165 2715 1417 2760 mecum
1472 2693 1687 2779 egisti,
1742 2690 1912 2776 quod
1965 2712 2067 2755 me

191 2786 286 2848 aut
330 2776 541 2851 facere
596 2788 711 2852 aut
764 2784 1000 2851 sentire
1054 2782 1410 2850 voluisses?
1476 2781 1628 2866 quid
1687 2780 1845 2846 mihi
1890 2800 2068 2844 man-

193 2866 357 2958 dasti,
413 2895 612 2960 quum
662 2877 728 2940 te
773 2873 1077 2939 Puteolos
1130 2893 1575 2958 prosequerer,
1627 2870 1697 2934 in
1753 2889 1879 2954 quo
1934 2888 2070 2933 non

194 2963 708 3046 exspectationem
741 2966 923 3029 tuam
959 2962 1294 3048 diligentia
1330 2982 1473 3025 mea
1509 2957 1811 3024 vicerim?
1886 2954 2069 3033 Quod
2107 2970 2139 3018 9

195 3046 238 3111 si
273 3049 332 3117 id
377 3056 474 3120 est
517 3052 790 3118 maxime
838 3051 1060 3135 astuti,
1107 3051 1325 3117 omnia
1371 3048 1452 3114 ad
1500 3069 1681 3112 suam
1727 3046 2071 3112 utilitatem

195 3135 425 3228 referre,
480 3142 634 3227 quid
688 3136 848 3206 mihi
899 3140 1162 3205 tandem
1218 3142 1357 3205 erat
1400 3137 1649 3220 utilius,
1705 3134 1856 3221 quid
1904 3156 2071 3201 com-

196 3227 373 3295 modis
415 3230 576 3297 meis
624 3231 856 3315 aptiuS,
900 3250 1094 3314 quam
1131 3226 1415 3294 hominis
1460 3223 1843 3292 nobilissimi
1880 3227 2072 3307 atque

315 3420 408 3495 Ep.
451 3431 534 3511 ¹⁰2
565 3428 612 3480 8.
692 3422 946 3479 Puteolos
985 3420 1097 3490 (Or.
1137 3418 1321 3488 conj).
1398 3417 1651 3533 Puteoli-i
1678 3415 1771 3482 M„
1810 3412 1999 3480 vulgo.

1581 3510 1612 3557 6
