2338 3691
206 129 343 194 ⁷406
777 128 852 183 M.
891 125 1138 182 TULLII
1175 124 1556 182 CICERONIS

212 276 424 359 dole0,
484 272 656 358 quod
699 272 947 337 nullam
999 274 1252 356 partem
1303 293 1422 356 per
1476 274 1753 337 aetatem
1807 294 2004 338 sanae
2067 276 2144 338 et

212 365 427 430 salvae
470 363 564 426 rei
607 360 902 446 publicae
939 363 1200 445 gustare
1236 360 1523 444 potuisti.
1593 359 1810 445 Atque
1847 361 2140 426 antehac

213 451 469 537 quidem
515 471 771 535 sperare
817 451 1044 514 saltem
1087 449 1349 533 licebat3
1402 471 1578 514 nunc
1636 451 1833 514 etiam
1876 450 1942 515 id
1990 471 2136 515 ere-

209 544 396 626 ptum
441 542 565 622 est3
595 560 782 623 quae
839 539 1011 603 enim
1057 541 1157 602 est
1211 559 1385 623 speS,
1440 560 1637 623 quum
1688 539 1759 603 in
1814 540 2134 604 concione

211 629 417 694 dicere
446 649 640 693 ausus
667 627 754 691 sit
778 626 1105 693 Antonius
1134 624 1529 692 Cannutium
1571 627 1744 730 apud
1771 649 1880 693 eos
1906 629 2132 693 locum

211 718 333 782 sibi
380 737 700 801 quaerere,
745 716 976 800 quibus
1023 736 1090 781 se
1137 716 1316 780 salvo
1352 716 1588 781 locus
1569 738 1640 780 1n
1681 717 1944 782 civisate
1983 738 2131 782 esse

139 819 174 868 4
209 828 346 872 non
371 805 634 891 posset?
696 803 1014 889 Equidem
1042 808 1108 869 et
1132 804 1294 869 haec
1322 807 1388 869 et
1415 805 1650 890 omnia,
1678 827 1841 890 quae
1867 806 2126 870 homini

211 894 496 960 accidere
542 897 833 978 possunt,
879 893 971 958 sic
1013 893 1174 977 fer0,
1217 895 1292 958 ut
1325 856 1773 979 philosophiae
1812 915 2129 980 magnam

208 983 483 1048 habeam
512 983 807 1068 gratiam,
844 1003 1006 1066 quae
1042 1003 1145 1047 me
1181 1003 1316 1046 non
1343 982 1535 1047 modo
1573 983 1654 1047 ab
1692 983 2129 1048 sollicitudine

211 1072 496 1156 abducit,
550 1070 663 1135 sed
707 1071 904 1135 etiam
948 1073 1176 1136 contra
1195 1130 1198 1133 ,
1220 1092 1443 1136 omnes
1486 1071 1787 1136 fortunae
1840 1072 2126 1157 impetus

209 1167 444 1245 armat,
487 1159 733 1244 tibique
786 1159 956 1224 idem
1003 1180 1232 1224 censeo
1286 1159 1661 1225 faciundum
1705 1181 1851 1245 nec,
1906 1183 1945 1225 a
1991 1183 2126 1244 quo

209 1250 400 1334 culpa
445 1249 631 1333 absit,
677 1248 1026 1333 quidquam
1068 1249 1140 1312 in
1184 1248 1370 1312 malis
1413 1249 1902 1314 numerandum.
1994 1247 2125 1314 Sed

205 1336 367 1403 haec
409 1341 483 1402 tu
528 1337 775 1402 melius.
863 1336 1234 1402 Tratorium
1275 1340 1572 1402 nostrum
1617 1360 1814 1423 quum
1868 1359 2125 1423 semper

205 1427 598 1511 probassem,
630 1429 771 1490 tum
806 1426 1081 1491 maxime
1117 1426 1188 1490 in
1222 1426 1352 1490 tuis
1389 1427 1581 1491 rebus
1619 1448 1934 1492 summam
1982 1427 2123 1491 eius

204 1515 415 1600 fidem,
451 1515 851 1601 diligentiam
891 1514 1425 1599 prudentiamque
1463 1516 1756 1600 cognovi.
1827 1514 1931 1580 Da
1969 1537 2121 1600 ope-

205 1625 364 1691 ram,
406 1607 482 1670 ut
524 1605 766 1670 valeas:
811 1604 937 1668 hoc
980 1603 1140 1668 mihi
1182 1604 1429 1690 gratius
1465 1604 1676 1669 facere
1711 1603 1876 1669 nihil
1911 1608 2119 1689 potes.

1033 1797 1277 1865 XXIV.

367 1910 481 1967 Sor.
519 1911 731 1967 Romae
767 1912 996 1967 ineunte
1031 1928 1221 1968 mense
1258 1883 1540 1967 Ianuario
1560 1929 1610 1967 a.
1647 1930 1702 1968 ιι.
1737 1928 1788 1969 c.
1826 1918 1943 1967 711.

641 2035 731 2089 01
729 2034 937 2090 GERO
975 2034 1467 2091 CORNIFICIO
1502 2034 1669 2091 SAL.

137 2147 167 2198 1
336 2132 482 2221 Ego
517 2136 768 2200 nullum
803 2136 1019 2200 locum
1051 2136 1497 2221 praetermitto
1526 2172 1610 2183 —
1638 2157 1759 2201 nec
1799 2136 1971 2199 enim
2005 2135 2112 2201 de·

206 2224 327 2289 beo
357 2260 441 2271 -—
469 2245 606 2290 non
648 2223 842 2289 modo
885 2224 1195 2290 laudandi
1238 2225 1354 2309 tui,
1398 2221 1510 2290 sed
1544 2245 1628 2290 ne
1665 2224 1940 2290 ornandi
1976 2224 2110 2309 qui-

205 2312 376 2396 dem3
421 2312 531 2378 sed
576 2334 721 2378 mea
766 2312 980 2378 studia
1024 2334 1179 2399 erga
1213 2316 1280 2378 te
1317 2316 1383 2379 et
1417 2313 1631 2379 officia
1670 2314 1841 2379 malo
1877 2312 1999 2377 tibi
2034 2335 2110 2377 ex

202 2405 463 2467 tuorum
506 2401 739 2467 litteris
785 2423 979 2487 quam
1023 2423 1102 2467 ex
1136 2402 1297 2467 meis
1334 2423 1472 2467 esse
1508 2405 1683 2467 nota.
1756 2401 1847 2467 Te
1892 2404 2108 2466 tamen

201 2490 454 2575 hortor,
507 2494 583 2555 ut
635 2491 814 2557 omni
871 2512 1026 2556 cura
1068 2491 1139 2555 in
1184 2511 1321 2555 rem
1372 2491 1697 2576 publicam
1750 2490 2105 2556 incumbas:

201 2577 327 2645 hoc
371 2583 472 2644 est
515 2580 742 2665 animi,
794 2579 921 2645 hoc
975 2582 1075 2645 est
1115 2579 1364 2665 ingenii
1407 2580 1529 2663 tui,
1586 2579 1712 2644 hoc
1765 2579 1901 2644 eius
1956 2579 2104 2664 spei,

132 2769 164 2817 2
203 2668 708 2822 {ffissai'ffi
740 2667 1504 2842 ἶῧῖἓῖᾱᾞξῗὲἴὲἓῗ
1526 2667 1924 2842 qssfflffi
1941 2670 2103 2822 {²¹33

203 2846 587 2930 scribebam,
639 2847 711 2911 in
763 2846 1242 2930 exspectatione
1294 2849 1481 2910 erant
1525 2846 1769 2910 omnia:
1821 2844 2103 2910 nondum

200 2934 401 3020 legati
435 2934 778 3019 redierant,
816 2956 978 3019 quos
1016 2938 1279 2999 senatus
1314 2955 1452 2999 non
1496 2934 1579 2998 ad
1622 2954 1846 3018 pacem
1893 2933 2102 3018 depre-

202 3022 492 3107 candam,
537 3024 649 3088 sed
693 3022 777 3088 ad
821 3022 1334 3088 denuntiandum
1377 3022 1616 3087 bellum
1661 3022 1941 3107 miserat,
1983 3022 2103 3087 nisi

200 3109 565 3192 legatorum
599 3111 832 3177 nuntio
867 3113 1205 3196 paruisset.
1276 3110 1422 3197 Ego
1457 3114 1697 3195 tamen,
1733 3113 1808 3176 ut
1832 3112 2102 3196 primum

203 3197 454 3263 occasio
500 3198 653 3264 data
697 3203 822 3284 est,
876 3222 1019 3266 meo
1064 3200 1339 3285 pristino
1384 3220 1562 3264 more
1608 3220 1743 3264 rem
1787 3200 2102 3285 publicam

343 3400 446 3470 ΕΡ·
485 3408 571 3471 24,
600 3410 648 3458 2.
722 3412 815 3474 εει,
849 3423 1051 3479 meop.
1088 3425 1158 3465 m.
1195 3424 1395 3479 remp.
1423 3408 1647 3477 defendi
1682 3409 1818 3480 (M..)
1888 3413 2101 3465 εειηιεο

277 3446 652 3539 ‚defendendi
685 3476 833 3547 Em„
870 3479 931 3535 B.
