2338 3691
815 90 1329 146 EPISTOLARUM
1367 92 1408 145 Ι.
1451 98 1480 145 7
2035 92 2116 155 13

199 237 445 302 stantia
498 237 569 301 in
615 258 683 300 re
729 236 988 320 publica
1041 240 1266 302 nostra
1313 236 1608 320 delectet,
1668 257 1862 320 quam
1908 250 2117 320 splen-

198 327 320 390 dor
366 325 672 391 offendat.
763 323 949 401 Quod
995 346 1070 390 eo
1114 324 1379 389 liberius
1434 324 1516 389 ad
1560 329 1625 389 te
1673 325 1881 389 scribo
1893 375 1910 408 ,
1966 326 2117 409 quia
2155 337 2188 386 8

198 436 339 480 non
376 415 588 479 solum
624 413 1022 497 temporibus
1057 413 1179 495 his,
1216 435 1379 497 quae
1414 435 1531 498 per
1556 417 1621 477 te
1659 435 1801 477 sum
1830 413 2119 499 adeptus,

200 503 317 568 sed
369 503 502 567 iam
557 502 713 567 olim
764 502 1056 567 nascenti
1109 523 1311 586 prope
1367 506 1626 567 nostrae
1681 502 1854 566 laudi
1910 502 2117 587 digni-

199 591 454 675 tatique
488 591 726 674 favisti,
763 590 1075 674 simulque
1113 590 1286 673 quod
1322 591 1506 656 video
1543 612 1696 675 non,
1734 595 1808 654 ut
1844 592 2118 656 antehac

201 680 544 764 putabam,
597 679 873 743 novitati
927 700 1064 742 esse
1120 679 1400 744 invisum
1444 700 1650 763 meae,
1702 679 1773 743 in
1818 683 1883 743 te
1929 681 2119 763 enim,

200 769 468 834 homine
506 767 794 832 omnium
829 767 1248 851 nobilissimo,
1294 767 1527 831 similia
1562 768 1925 832 invidorum
1960 769 2119 833 vitia

200 856 522 941 perspexi,
567 877 755 940 quem
798 859 1017 919 tamen
1060 856 1156 920 illi
1202 877 1340 921 esse
1384 856 1456 921 in
1492 857 1889 940 principibus
1930 857 2118 921 facile

202 950 361 1010 sunt
406 944 600 1028 passi,
648 945 897 1009 evolare
944 945 1137 1009 altius
1185 948 1355 1009 certe
1399 947 1765 1009 noluerunt.
1856 944 2118 1011 Gaudeo

200 1038 389 1099 tuam
435 1032 810 1098 dissimilem
852 1032 1051 1097 fuisse
1091 1033 1441 1117 fortunam,
1486 1034 1762 1098 multum
1808 1035 1979 1097 enim
2023 1035 2119 1098 in·

201 1125 434 1206 terest,
476 1125 696 1186 utrum
738 1122 880 1185 laus
925 1122 1364 1205 imminuatur,
1414 1143 1499 1185 an
1545 1124 1717 1187 salus
1765 1121 2119 1205 deseratur3

201 1232 308 1275 me
363 1231 545 1274 meae
597 1212 819 1274 tamen
872 1230 954 1273 ne
1018 1210 1211 1274 nimis
1267 1211 1653 1295 poeniteret,
1715 1214 1830 1274 tua
1882 1211 2119 1275 virtute

203 1299 567 1400 perfectum
624 1302 746 1382 est,
810 1298 1048 1363 curasti
1102 1298 1301 1383 enim,
1363 1301 1438 1363 ut
1490 1300 1636 1382 plus
1697 1298 1985 1363 additum
2040 1298 2121 1362 ad

205 1388 585 1452 memoriam
627 1387 909 1451 nominis
962 1388 1169 1452 nostri
1225 1409 1419 1471 quam
1474 1387 1805 1470 demptum
1859 1386 1936 1450 de
1990 1386 2120 1451 for·

205 1480 373 1540 tuna
414 1476 754 1540 videretur.
843 1475 934 1539 Te
981 1497 1129 1539 vero
1176 1477 1217 1554 †
1234 1497 1500 1541 emoneo
1554 1496 1750 1558 quum
1793 1469 2121 1539 beneficiis
2158 1486 2189 1535 9

207 1564 361 1647 tuis,
402 1568 541 1628 tum
588 1584 804 1628 amore
850 1564 1155 1627 incitatus
1203 1585 1365 1648 me0,
1409 1567 1484 1628 ut
1528 1585 1785 1628 omnem
1831 1564 2120 1649 gloriam,

211 1653 298 1716 ad
346 1674 533 1735 quam
580 1674 619 1715 a
664 1652 939 1735 pueritia
991 1653 1426 1716 inflammatus
1481 1652 1691 1735 fuisti,
1747 1654 1922 1717 omni
1969 1674 2121 1717 cura

213 1744 405 1824 atque
448 1740 768 1804 industria
813 1761 1203 1824 consequare
1241 1740 1877 1826 magnitudinemque
1923 1742 2122 1805 animi

209 1829 334 1913 tui,
397 1851 590 1931 quam
657 1850 777 1914 ego
834 1851 1082 1914 semper
1145 1852 1288 1894 sum
1340 1829 1692 1895 admiratus
1747 1852 2119 1914 semperque

208 1919 449 2001 amavi,
528 1940 611 1982 ne
683 1939 988 2001 umquam
1058 1918 1350 1983 inflectas
1424 1920 1798 2003 cuiusquam
1868 1918 2120 1983 iniuria.

206 2006 456 2090 Magna
500 2011 600 2071 est
640 2006 979 2071 hominum
1025 2007 1245 2090 opinio
1284 2007 1360 2071 de
1397 2011 1480 2089 te,
1526 2028 1765 2092 magna
1800 2028 2119 2073 commen-

206 2096 388 2160 datio
433 2095 865 2179 liberalitatis,
919 2116 1160 2180 magna
1212 2096 1521 2161 memoria
1575 2096 1944 2163 consulatus
1998 2097 2119 2160 tui:

204 2184 371 2248 haec
424 2179 714 2267 profecto
769 2146 946 2247 vides
1003 2187 1245 2267 quanto
1302 2183 1699 2268 expressiora
1758 2186 2121 2267 quantoque

201 2273 562 2337 illustriora
604 2272 825 2336 futura
872 2273 1019 2356 sint,
1065 2294 1261 2356 quum
1295 2273 1699 2356 aliquantum
1744 2293 1820 2335 ex
1864 2272 2121 2355 provin-

200 2361 307 2425 cia
357 2364 548 2445 atque
603 2382 681 2424 ex
734 2360 1005 2444 imperio‘
1056 2361 1266 2425 laudis
1313 2360 1680 2443 accesserit3
1734 2382 2121 2445 quamquam

199 2453 269 2513 te
316 2449 415 2513 ita
459 2470 680 2534 gerere
715 2449 884 2533 vo10,
929 2470 1090 2532 quae
1136 2471 1253 2534 per
1290 2450 1640 2514 exercitum
1686 2452 1877 2533 atque
1924 2449 2120 2533 impe-

197 2538 379 2601 rium
431 2537 716 2622 gerenda
760 2542 937 2622 sunt,
992 2541 1069 2601 ut
1116 2538 1279 2602 haec
1332 2539 1536 2603 multo
1593 2541 1744 2601 ante
1798 2538 2122 2620 meditere,

196 2626 336 2690 huc
381 2627 445 2689 te
482 2648 690 2710 pares,
732 2626 893 2689 haec
928 2626 1192 2710 cogiteS,
1237 2625 1318 2690 ad
1353 2627 1515 2690 haec
1549 2630 1614 2691 te
1651 2648 1943 2691 exerceas
1980 2647 2121 2690 sen-

192 2715 458 2797 tiasque
503 2714 597 2798 id,
656 2713 826 2798 quod
872 2715 1022 2798 quia
1067 2736 1319 2799 semper
1363 2715 1661 2799 sperasti,
1714 2736 1851 2779 non
1896 2713 2120 2778 dubito

194 2803 370 2887 quin
404 2802 685 2887 ‚adeptus
730 2803 1082 2887 intelligas,
1135 2806 1203 2866 te
1248 2802 1550 2867 facillime
1595 2825 1784 2887 posse
1832 2802 2120 2866 obtinere

193 2912 530 2955 summum
587 2893 778 2974 atque
834 2891 1217 2955 altissimum
1272 2892 1544 2976 gradum
1599 2891 1902 2956 civitatis:
1959 2911 2121 2973 quae

195 2979 464 3063 quidem
500 3000 655 3043 mea·
684 2977 1042 3044 cohortatio
1081 3000 1164 3043 ne
1200 2980 1322 3044 tibi
1357 2980 1570 3043 inanis
1609 2982 1723 3043 aut
1762 2978 1899 3043 sine
1929 3000 2123 3043 causa

194 3070 507 3152 suscepta
560 3066 905 3151 videatur,
944 3068 1057 3131 illa
1119 3089 1221 3132 me
1286 3069 1452 3132 ratio
1508 3068 1736 3151 movit,
1799 3070 1873 3131 ut
1923 3071 1989 3131 te
2045 3090 2122 3132 ex

344 3222 450 3294 Ep
491 3230 542 3292 7,
571 3231 620 3278 9
695 3228 952 3291 †emoneo
991 3224 1122 3291 (W.)
1160 3230 1211 3278 et
1245 3239 1430 3278 moneo
1468 3229 1517 3278 et
1551 3239 1681 3293 royo
1720 3224 1851 3293 (W.)
1890 3225 1990 3278 aut
2025 3224 2119 3278 ad-

191 3310 389 3350 moneo
395 3242 553 3363 p(W)
584 3295 685 3348 aut
712 3309 1008 3350 commoneo
1034 3294 1265 3363 (Klotz.)
1306 3296 1407 3348 aut
1430 3310 1615 3349 moneo
1645 3293 1853 3363 (Crat.)
1909 3310 2119 3358 emoneo

190 3366 255 3507 {1
233 3366 347 3493 uffa
378 3365 1222 3506 -.εῗ7ζ1ἷ1αεᾳτ1ειεν1αοῖἓοᾳαοᾱω.
1260 3365 1563 3435 intelliyaS,
1609 3371 1659 3420 te
1704 3365 1854 3434 (Wm)
1927 3379 1970 3418 ε.
1984 3364 2121 3418 -id
