2338 3691
226 115 360 181 544
794 114 869 170 M.
911 113 1158 169 'sumn
1196 112 1577 171 clemacius

1093 363 1274 429 XIII.

907 474 1022 531 Scr.
1062 494 1111 532 a.
1149 495 1204 531 n.
1242 493 1288 530 c.
1330 481 1447 531 700.

782 598 1093 656 TULLIUS
1132 600 1390 656 TIRONI
1429 599 1580 655 SAL.
1601 629 1604 636 ·

356 698 590 766 Omnia
643 722 682 765 a
725 704 791 766 te
845 702 999 765 data
1052 700 1213 765 mihi
1266 700 1539 785 putabo,
1594 698 1649 764 si
1702 701 1769 764 te
1817 698 2145 765 valentem

223 789 458 854 videro,
559 788 826 855 Summa
879 811 1033 854 cura
1088 789 1540 874 exspectabam
1599 787 1949 853 adventum
2004 788 2145 853 An-

221 878 400 963 drici,
445 900 634 962 quem
681 878 762 943 ad
807 881 872 943 te
914 879 1237 948 miseram.
1311 875 1499 961 Oura,
1546 878 1600 941 si
1645 898 1749 941 me
1797 877 2029 963 diligis,
2067 881 2144 942 ut

222 967 438 1031 valeas
485 970 567 1051 et,
614 989 811 1051 quum
855 970 921 1031 te
957 968 1120 1032 bene
1159 966 1579 1051 confirmaris,
1621 965 1705 1031 ad
1740 986 1863 1031 nos
1898 966 2141 1032 venias,

224 1055 409 1121 Vale.
480 1073 600 1122 1111.
645 1055 739 1121 Id.
785 1055 942 1143 Apr.

1088 1248 1266 1315 XIV.

901 1359 1014 1416 Scr.
1054 1378 1103 1416 a.
1141 1380 1196 1416 u.
1235 1378 1281 1416 c.
1322 1366 1443 1416 700.

766 1484 1078 1541 TULLIUS
1116 1484 1373 1540 TIRONI
1411 1484 1564 1539 SAL.

351 1582 674 1652 Andricus
719 1587 1028 1671 postridie
1066 1586 1148 1650 ad
1185 1606 1289 1650 me
1326 1585 1523 1669 venit,
1568 1606 1762 1669 quam
1808 1588 2132 1669 exspecta-

217 1695 386 1759 ram3
429 1676 647 1759 itaque
692 1676 892 1740 habui
935 1677 1195 1740 noctem
1239 1675 1499 1758 plenam
1542 1673 1793 1738 timoris
1841 1695 1916 1737 ac
1946 1674 2134 1739 mise-

217 1764 369 1827 riae.
460 1763 616 1829 Tuis
669 1764 901 1829 litteris
954 1763 1160 1828 nihilo
1218 1786 1362 1827 sum
1405 1763 1618 1826 factus
1665 1762 1917 1848 certior,
1976 1784 2132 1847 quo-

217 1853 409 1918 modo
455 1856 521 1917 te
576 1854 873 1934 haberes,
927 1854 1038 1918 sed
1081 1857 1304 1918 tamen
1357 1874 1500 1917 sum
1552 1856 1893 1917 recreatus
1984 1852 2130 1938 Ego

219 1941 396 2005 omni
449 1940 873 2007 delectatione
925 1942 1285 2026 litterisque
1349 1940 1645 2006 omnibus
1701 1962 1915 2025 care0,
1972 1963 2131 2025 quas

218 2032 388 2112 ante,
433 2042 626 2113 quam
669 2034 735 2095 te
780 2029 1026 2115 videro,
1079 2031 1399 2115 attingere
1443 2050 1580 2094 non
1624 2051 1904 2113 possum.
1995 2028 2131 2094 Me-

217 2116 359 2182 dico
405 2118 713 2184 mercedis
770 2123 1083 2203 quantum
1136 2122 1362 2204 poscet
1415 2118 1708 2202 promitti
1760 2118 2005 2183 iubeto:
2063 2119 2130 2182 id

220 2206 446 2291 scripsi
501 2207 584 2271 ad
628 2208 671 2286 †
716 2206 1064 2272 Ummium.
1154 2206 1369 2273 Audio
1433 2210 1500 2271 te
1564 2207 1782 2271 animo
1847 2207 2001 2292 angi
2065 2211 2132 2271 et

215 2295 533 2360 medicum
587 2295 795 2361 dicere
852 2318 930 2360 ex
984 2318 1058 2361 eo
1112 2299 1180 2360 te
1232 2296 1552 2360 laborare:
1618 2296 1673 2359 si
1727 2317 1831 2360 me
1896 2295 2129 2381 diligis,

217 2383 424 2447 excita
470 2405 547 2448 ex
592 2406 818 2450 somno
855 2388 1002 2449 tuas
1038 2385 1289 2449 litteras
1323 2384 1938 2470 humanitatemque,
1981 2406 2127 2469 pro·

214 2474 361 2556 pter
413 2494 607 2555 quam
660 2473 831 2537 ,mihi
884 2494 952 2538 es
1007 2474 1400 2557 carissimus3
1461 2494 1637 2537 nunc
1692 2494 1855 2557 opus
1909 2477 2008 2537 est
2061 2477 2127 2536 te

215 2560 433 2625 animo
477 2561 708 2645 valere,
751 2565 825 2626 ut
869 2583 1134 2646 corpore
1181 2561 1419 2646 possis:
1464 2561 1530 2625 id
1569 2582 1766 2645 quum
1809 2565 1943 2646 tua,
1986 2556 2126 2626 tum

214 2670 359 2713 mea
404 2671 599 2714 causa
640 2650 860 2734 faciae,
906 2672 946 2714 a
988 2654 1054 2714 te
1099 2653 1271 2735 peto.
1359 2649 1673 2714 Acastum
1716 2650 1950 2734 retine,
1997 2671 2123 2734 quo

213 2738 610 2803 commodius
645 2739 765 2803 tibi
802 2738 1221 2804 ministretur.
1294 2736 1622 2804 Conserva
1654 2741 1721 2802 te
1757 2739 1941 2802 mihi:
1989 2738 2125 2804 dies

211 2818 676 2910 promissorum
731 2827 940 2912 adest,
996 2849 1186 2912 quem
1242 2825 1438 2892 etiam
1489 2828 2014 2912 repraesentabo,
2070 2828 2124 2891 si

211 2914 564 2981 adveneris.
634 2914 854 2981 Etiam
899 2919 1091 3000 atque
1139 2917 1335 2980 etiam
1371 2916 1530 2982 vale.
1601 2932 1696 2980 111.
1740 2914 1894 2980 Idus
1933 2917 1998 2982 h.
2032 2934 2122 2980 VI.

351 3141 453 3211 Ep.
486 3149 567 3199 13.
624 3143 866 3198 Andm'ci
892 3143 997 3212 (En
1041 3144 1390 3212 elbronner.).
1467 3143 1776 3199 Menandri
1808 3142 1902 3211 M„
1929 3143 2118 3214 vulgo.

208 3206 311 3330 211)-
331 3214 967 3354 {J†'1}I.,a?u-l†ggmmium
995 3219 1015 3282 (
1093 3217 1145 3286 .).
1221 3216 1296 3270 acl
1333 3213 1664 3270 Ummidium
1693 3213 2120 3283 (Lallemand.)?
