2338 3691
224 121 355 186 238
791 122 866 175 Μ.
907 120 1155 176 TULLII
1191 120 1574 177 CICERONIS

225 288 421 351 quam
473 266 623 331 hoc:
687 265 848 332 scito
908 263 977 331 O.
1036 263 1489 350 Sempronium
1546 264 1819 351 Rufum,
1886 268 2014 331 mel
2068 289 2145 352 ac

225 355 486 420 delicias
547 358 723 438 tuas,
795 354 1185 420 calumniam
1252 355 1531 423 maximo
1605 356 1837 439 plausu
1898 356 2148 421 tulisse.

225 441 518 519 Quaeris:
564 464 729 527 „qua
764 443 835 506 in
875 441 1159 507 causa?“
1222 442 1309 507 M.
1339 442 1666 528 Tuccium,
1702 447 2146 510 accusatorem

223 530 1460 704 1311131111Ἐῖἓῗίῖᾱζεὲῑῗ
1494 531 2147 686 ἐῗίᾙέἓῗέῑῃῖἓέἷζ

222 730 370 773 reus
415 730 604 775 nemo
652 709 1050 793 accessisset,
1106 709 1230 773 sibi
1283 708 1410 774 hoc
1465 731 1638 774 anno
1694 731 1956 775 causam
2001 731 2146 775 esse

224 796 585 881 dicendam3
639 797 905 862 dubium
959 819 1154 882 porro
1209 797 1306 861 illi
1351 819 1486 862 non
1542 801 1706 882 erat,
1760 799 1915 883 quid
1966 798 2147 863 futu-

222 908 367 950 rum
413 890 597 950 esset.
668 883 932 951 Nemini
966 886 1091 951 hoc
1128 885 1377 951 deferre
1414 887 1868 951 munusculum
1911 888 2150 951 maluit

224 996 418 1058 quam
462 997 578 1040 suo
627 975 1010 1040 accusatori-t
1063 975 1283 1058 itaque
1330 975 1468 1049 sine
1513 976 1648 1041 ullo
1704 975 2150 1059 subscriptore

224 1062 554 1128 descendit
606 1066 672 1128 et
717 1063 1025 1129 Tuccium
1078 1085 1260 1128 reum
1317 1063 1489 1128 fecit.
1578 1062 1673 1128 At
1717 1085 1838 1149 ego
1848 1114 1867 1148 ,
1918 1064 2150 1129 simul-

223 1155 416 1236 atque
479 1152 721 1236 audivi,
783 1153 1120 1219 invocatus
1185 1152 1267 1217 ad
1331 1153 1638 1218 subsellia
1690 1154 1785 1217 rei
1848 1173 2152 1236 occurro-⁶,

222 1261 418 1326 surgo
474 1262 682 1325 neque
737 1241 1005 1307 verbum
1061 1241 1140 1305 de
1194 1262 1264 1305 re
1317 1240 1513 1307 facio:
1576 1244 1787 1306 totum
1842 1238 2149 1325 Sempro·

220 1330 403 1395 nium
446 1350 649 1414 usque
695 1351 771 1395 eo
817 1349 1079 1415 perago,
1123 1334 1199 1394 ut
1233 1328 1608 1395 Vestorium
1644 1350 1897 1414 quoque
1941 1330 2148 1394 inter-

220 1440 461 1502 ponam
524 1422 592 1483 et
651 1418 832 1483 illam
891 1419 1183 1483 fabulam
1244 1438 1528 1502 narrem,
1600 1417 2150 1520 quemadmodum

220 1507 342 1572 tibi
403 1529 522 1592 pro
587 1507 899 1572 beneficio
963 1505 1236 1590 dederit,
1300 1507 1355 1570 si
1419 1506 1572 1590 quid
1634 1507 1872 1571 iniuria
1931 1507 2147 1591 ipsius

222 1581 417 1678 esset,
470 1598 546 1660 ut
596 1594 935 1661 Vestorius
987 1598 1256 1660 teneret.
1352 1593 1534 1660 Haec
1589 1617 1843 1680 quoque
1897 1597 2149 1680 magna.

221 1705 395 1748 nunc
432 1684 762 1749 contentio
799 1684 1016 1748 forum
1056 1686 1260 1748 tenet.
1305 1682 1394 1749 M.
1407 1681 1738 1750 -Servilius
1774 1688 2147 1768 postquam,

221 1774 297 1835 ut
342 1774 666 1857 coeperat,
721 1772 1020 1838 omnibus
1064 1772 1135 1836 in
1178 1771 1370 1837 rebus
1423 1772 1721 1838 turbarat
1763 1794 1910 1857 nec,
1965 1773 2145 1857 quod

221 1881 357 1926 non
402 1861 710 1926 venderet
755 1862 1060 1946 cuipiam,
1105 1862 1454 1946 reliquerat
1497 1862 1900 1946 maximaque
1945 1862 2143 1926 nobis

220 1948 497 2014 traditus
545 1953 685 2015 erat
727 1950 997 2034 invidia,
1041 1972 1250 2035 neque
1306 1949 1675 2020 Laterensis
1719 1954 1978 2035 praetor
2021 1973 2142 2033 po-

222 2038 505 2103 stulante
549 2038 890 2123 Pausania,
934 2039 1124 2105 nobis
1168 2039 1481 2123 patronis,
1527 2053 1666 2113 Qvo
1710 2053 1805 2100 EA
1834 2051 2143 2099 PEOUNIA

221 2140 719 2207 PERVENISSET,
763 2128 1046 2212 recipere
1091 2128 1315 2211 voluit,
1361 2126 1434 2203 Q.
1472 2126 1692 2209 Pilius,
1736 2125 2142 2189 necessarius

220 2211 426 2277 Attici
471 2215 697 2298 nostri,
740 2215 819 2280 de
862 2217 1237 2301 repetundis
1284 2238 1431 2280 eum
1470 2215 1848 2300 postulavit:
1894 2234 2141 2299 magno

219 2302 392 2368 illico
437 2303 614 2368 fama
660 2239 977 2370 surrexitP
980 2309 1046 2369 et
1091 2304 1169 2369 de
1216 2304 1630 2370 damnatione
1675 2303 1998 2368 ferventer
2041 2303 2139 2367 lo·

220 2391 333 2475 qui
360 2395 461 2456 est
487 2390 805 2476 coeptum.
874 2393 1014 2470 Quo
1044 2396 1239 2458 vento
1267 2393 1602 2477 proiicitur
1627 2391 1881 2476 Appius
1907 2391 2144 2475 minor,

220 2483 296 2544 ut
347 2480 662 2545 indicaret
713 2483 1057 2566 pecuniam
1114 2503 1193 2546 ex
1254 2482 1443 2546 bonis
1506 2481 1709 2565 patris
1767 2480 2141 2564 pervenisse

220 2567 302 2633 ad
349 2566 688 2634 Servilium
740 2570 1435 2655 praevaricationisque
1489 2591 1685 2634 causa
1740 2569 1975 2633 diceret
2025 2567 2140 2632 de-

219 2658 503 2742 positum
556 2655 687 2722 HS.
733 2672 974 2721 Lxxxt.
1071 2656 1431 2722 Admiraris
1486 2657 1860 2722 amentiam:
1918 2657 2143 2741 imme,

221 2746 276 2810 si
323 2747 645 2812 actionem
682 2746 1223 2829 stultissimasque
1261 2746 1338 2811 de
1377 2768 1464 2831 se,
1507 2746 1789 2810 nefarias
1837 2745 1914 2809 de
1950 2748 2143 2828 patre

220 2835 660 2901 confessiones
707 2834 1011 2899 audisses.
1101 2832 1311 2898 Mittit
1365 2835 1439 2899 in
1492 2834 1831 2899 consilium
1878 2833 2143 2899 eosdem

358 3044 463 3114 Ep.
502 3050 552 3114 8,
585 3051 631 3098 1.
705 3041 948 3110 Rufum,
992 3043 1095 3097 mel
1131 3042 1281 3110 (W.).
1366 3041 1607 3110 Rufum,
1647 3041 1927 3114 [Rufum]
1966 3042 2025 3098 B.
2065 3075 2143 3086 —

216 3115 449 3183 siquid
501 3114 719 3169 inimia
762 3115 942 3183 ipsius
986 3118 1117 3168 esset
1166 3113 1318 3183 (W..)
1408 3118 1444 3178 †
1479 3114 1531 3168 si
1575 3115 1722 3182 quod
1754 3116 1985 3169 iniuriis
2018 3117 2146 3171 suis

217 3184 348 3238 ΜΒ.
423 3190 473 3239 2.
518 3200 633 3250 nec,
668 3186 814 3254 quod
847 3200 962 3239 non
995 3184 1245 3239 venderet
1271 3184 1533 3253 cuipiam,
1567 3186 1661 3240 rel.
1695 3185 1851 3254 (W.).
1925 3189 2146 3255 nequod

219 3270 332 3307 ‘non
366 3271 415 3308 v.
464 3257 758 3323 quoiquam
801 3257 893 3310 rel.
941 3255 1016 3309 M.
1088 3271 1188 3310 nec
1223 3272 1271 3324 q.
1317 3271 1432 3310 non
1474 3271 1524 3309 v.
1563 3256 1855 3326 qwicquam
1898 3257 1991 3311 rel.
2032 3256 2145 3326 (L,

219 3323 486 3393 Madvig„
523 3324 612 3378 W.
652 3324 822 3392 olim„
860 3326 981 3396 B.)?
1019 3356 1087 3366 —
1125 3331 1354 3395 praetor
1391 3328 1712 3395 postulante
1763 3327 1888 3396 (V.).
1972 3343 2146 3397 prae-

220 3397 371 3447 torae
397 3398 540 3461 post.
577 3393 652 3447 M.
719 3401 947 3461 praetor
982 3401 1187 3466 expect.
1235 3397 1320 3453 ed.
1358 3396 1547 3464 Rom„
1584 3399 1646 3452 B.
1684 3429 1751 3439 -
1800 3400 1950 3455 illico
1989 3398 2142 3466 (edd.

219 3465 397 3532 vett).
471 3464 599 3517 ilico
633 3464 764 3526 ΜΒ.
802 3495 872 3505 --
909 3468 1168 3523 audisses.
1247 3468 1434 3525 Mittit
1471 3469 1624 3539 (W..)
1699 3468 1793 3525 1ιὲ
1831 3487 1897 3525 m.
1937 3469 1998 3525 B.
