2338 3691
208 147 339 213 510
772 146 846 200 M.
887 144 1136 200 TULLII
1169 144 1549 238 C1CEBONJS

205 293 441 377 iudicii,
486 294 560 356 ut
593 289 1187 375 praestantissimas
1222 295 1370 355 tuas
1405 291 1676 356 virtutes
1713 313 1848 357 non
1881 291 2127 356 tacitus

209 382 558 446 admirarer
603 415 687 426 —-
735 379 879 462 quis
935 379 1107 443 enim
1168 381 1235 443 te
1287 378 1355 442 id
1407 400 1544 444 non
1600 379 1801 444 facit‘?
1846 416 1962 465 —-,
2010 381 2125 445 sed

207 470 277 534 in
323 468 623 534 omnibus
677 467 1105 550 orationibus,
1168 468 1505 531 sententiis
1569 467 1855 533 dicendis
1909 469 2128 533 causis

208 557 502 642 agendis,
565 555 865 620 omnibus
929 555 1213 639 scriptis,
1277 553 1535 620 Graecis
1598 555 1876 641 Latinis,
1942 557 2124 622 omni

208 646 481 728 denique
530 643 843 709 varietate
896 644 1276 716 litterarum,
1303 665 1589 708 mearum
1641 648 1707 709 te
1752 665 1880 710 non
1923 645 2127 711 modo

205 733 304 817 iis,
348 754 511 816 quos
555 732 951 815 vidissemus,
998 731 1108 795 sed
1153 732 1252 816 iis,
1298 732 1376 796 de
1421 732 1654 816 quibus
1699 732 2129 816 audissemuS,

104 841 168 889 13
207 822 506 887 omnibus
571 820 973 884 anteferrem.
1081 818 1363 895 Quaeres
1423 820 1725 905 fortasse,
1797 817 1950 904 quid
2020 822 2129 905 sit,

207 909 378 993 quod
423 929 545 995 ego
591 909 715 974 hoc
759 908 976 973 nescio
1020 907 1177 992 quid
1232 908 1686 993 gratulationis
1741 911 1808 972 et
1850 909 2126 974 honoris

208 1019 247 1061 a
291 1001 519 1062 senatu
562 997 731 1061 tanti
776 996 1124 1061 aestimem.
1216 995 1430 1082 Agam
1482 997 1612 1061 iam
1663 1000 1878 1062 tecum
1931 998 2125 1062 fami·

205 1086 474 1170 liariter,
530 1089 605 1150 ut
661 1088 759 1150 est
802 1088 870 1150 et
923 1084 1150 1149 studiis
1197 1088 1263 1149 et
1307 1083 1537 1149 officiis
1590 1085 1831 1150 nostris
1877 1087 2128 1150 mutuis

206 1176 273 1239 et
316 1195 567 1239 summa
620 1173 904 1239 amicitia
956 1173 1226 1258 dignum
1279 1177 1347 1237 et
1397 1173 1866 1238 necessitudine
1922 1174 2122 1238 etiam

206 1266 502 1347 paterna.
558 1262 613 1327 si
659 1262 997 1363 quisquam
1039 1261 1169 1325 fuit
1211 1282 1518 1345 umquam
1562 1266 1847 1326 remotus
1893 1265 1959 1325 et
2003 1284 2123 1327 na·

206 1354 353 1414 tura
397 1354 463 1414 et
506 1351 714 1436 magis
751 1350 964 1433 etiam,
1007 1351 1082 1413 ut
1116 1348 1277 1413 mihi
1312 1349 1569 1432 quidem
1607 1349 1843 1414 sentire
1879 1350 2125 1436 videor,
2313 1341 2314 1356 ¹

206 1439 455 1504 ratione
501 1441 693 1523 atque
747 1438 1040 1503 doctrina
1085 1438 1166 1501 ab
1223 1437 1402 1501 inani
1455 1438 1643 1502 laude
1689 1440 1756 1502 et
1808 1440 2121 1504 sermoni·

206 1527 326 1591 bus
372 1527 577 1612 vulgi,
623 1546 743 1611 ego
789 1525 1078 1611 profecto
1125 1525 1182 1589 is
1228 1546 1388 1590 sum.
1478 1525 1689 1591 Testis
1743 1530 1843 1590 est
1887 1548 2124 1593 consu

205 1615 376 1679 latus
421 1636 620 1697 meus,
664 1616 735 1678 in
781 1635 927 1699 quo,
972 1614 1136 1679 sicut
1180 1614 1251 1677 in
1295 1614 1542 1698 reliqua
1585 1615 1736 1698 vita,
1781 1614 1993 1679 fateor
2040 1638 2122 1680 ea

204 1724 308 1768 me
354 1703 638 1769 studiose
693 1706 1007 1787 secutum,
1061 1723 1140 1766 ex
1194 1702 1426 1786 quibus
1479 1723 1632 1766 vera
1684 1702 1893 1786 gloria
1935 1706 2120 1770 nasci

205 1794 443 1876 posset,
486 1792 694 1876 ipsam
739 1790 996 1874 quidem
1041 1790 1317 1875 gloriam
1351 1811 1465 1875 per
1503 1812 1570 1858 se
1607 1811 1960 1876 numquam
1999 1815 2120 1878 pu-

205 1880 339 1944 tavi
385 1879 831 1963 expetendam:
890 1880 1107 1962 itaque
1154 1883 1220 1943 et
1263 1879 1662 1963 provinciam
1707 1883 2004 1946 ornatam
2052 1886 2123 1945 et

207 1989 386 2052 spem
448 1989 584 2033 non
647 1966 908 2031 dubiam
968 1967 1283 2051 triumphi
1339 1968 1620 2052 neglexi3
1687 1969 2116 2034 sacerdotium

206 2056 499 2139 denique,
525 2077 742 2139 quum,
772 2055 1309 2138 quemadmodum
1335 2059 1401 2120 te
1430 2056 1791 2121 existimare
1821 2057 2116 2142 arbitror,

206 2165 341 2208 non
369 2142 741 2208 difficillime
777 2144 1084 2227 consequi
1108 2165 1383 2229 possem,
1419 2165 1554 2209 non
1590 2145 1900 2229 appetivi3
1943 2146 2116 2211 idem

205 2234 357 2316 post
398 2231 700 2297 iniuriam
746 2234 1102 2316 acceptam,
1160 2253 1354 2316 quam
1397 2235 1472 2296 tu
1525 2233 1620 2296 rei
1663 2233 1957 2317 publicae
2013 2256 2117 2299 ca·

205 2320 562 2385 lamitatem
617 2341 869 2404 semper
921 2321 1236 2404 appellas,
1293 2341 1502 2385 meam
1554 2343 1689 2385 non
1741 2321 1933 2387 modo
1979 2344 2115 2388 non

207 2408 657 2492 calamitatem,
703 2407 815 2473 sed
861 2408 1054 2472 etiam
1101 2408 1392 2493 gloriam,
1437 2409 1653 2473 studui
1691 2430 1887 2492 quam
1927 2432 2117 2475 orna—

205 2497 455 2561 tissima
519 2500 779 2561 senatus
831 2496 1181 2581 populique
1234 2496 1513 2560 Romani
1577 2497 1654 2561 de
1717 2519 1820 2562 me
1878 2499 2116 2563 iudicia

206 2584 622 2649 intercedere:
667 2585 885 2668 itaque
923 2588 988 2649 et
1006 2605 1232 2672 augur
1267 2588 1494 2669 postea
1528 2584 1668 2649 fieri
1702 2587 1897 2671 volui,
1942 2587 2113 2671 quod

207 2677 400 2739 antea
443 2673 878 2758 neglexeram,
932 2675 998 2737 et
1042 2694 1190 2736 eum
1233 2673 1572 2756 honorem,
1626 2674 1737 2758 qui
1790 2695 1831 2737 a
1885 2679 2114 2739 senatu

204 2762 404 2827 tribui
456 2762 648 2827 rebus
711 2761 956 2825 bellicis
1019 2761 1209 2845 solet,
1262 2763 1627 2846 neglectum
1690 2783 1731 2825 a
1784 2783 1887 2826 me
1942 2763 2113 2847 olim,

103 2869 171 2919 ¹4
204 2872 381 2915 nunc
424 2849 584 2914 mihi
629 2849 1056 2950 expetendum
1098 2853 1278 2933 puto.
1345 2847 1515 2914 Huic
1558 2871 1739 2914 meae
1777 2851 2113 2934 voluntati,

205 2939 276 3003 in
321 2960 463 3040 qua
490 2938 664 3003 inest
707 2937 923 3020 aliqua
965 2936 1063 3002 vis
1108 2937 1406 3002 desiderii
1451 2938 1533 3002 ad
1574 2938 1934 3003 sanandum
1979 2939 2112 3004 vul·
2139 3004 2155 3013 ,

205 3048 329 3090 nus
373 3026 663 3110 iniuriae,
707 3028 781 3090 ut
823 3025 1044 3090 faveas
1090 3025 1469 3109 adiutorque
1517 3026 1631 3109 sis,
1677 3027 1848 3111 quod
1893 3028 2114 3112 paullo

208 3116 358 3178 ante
403 3136 505 3179 me
550 3135 859 3199 negaram
903 3116 1307 3198 rogaturum,
1361 3114 1770 3179 vehementer
1822 3118 1890 3180 te
1935 3136 2113 3200 rog0,

346 3334 449 3403 Ep.
487 3343 652 3404 4,12.
723 3341 1272 3408 enimteidnonf.
1326 3340 1475 3408 (Ml,
1510 3339 1755 3412 Madvig.
1795 3341 1937 3411 Opp.
1975 3341 2017 3396 1.
2054 3358 2108 3410 p.

208 3405 373 3525 {31ch
413 3407 1106 3550 (agntgicznvutilgffss
1199 3428 1238 3465 e.
1277 3411 1563 3477 idnonf.
1608 3411 1694 3480 V.,
1732 3411 1790 3464 B.
1831 3412 2110 3467 -ἀίοοη-
