2338 3691
764 112 1283 169 EPISTOLARUM
1317 114 1465 168 XIII.
1506 121 1592 170 29.
1699 151 1707 158 -
1998 114 2127 178 447

210 279 420 342 neque
467 280 734 343 possum
780 279 1017 344 negare
1056 259 1333 343 affuisse,
1378 259 1489 324 sed
1525 281 1661 325 non
1697 261 1841 344 plus
1880 258 2130 326 duobus

214 351 330 412 aut
373 347 582 412 tribus
628 347 976 412 mensibus,
1065 347 1316 412 Deinde
1363 348 1528 412 afuit
1573 371 1612 412 a
1657 348 1914 413 castris:
1959 349 2133 434 fugit

216 456 404 500 omne
449 436 805 521 negotium.
893 435 1039 516 Hoc
1092 435 1252 500 mihi
1304 441 1380 501 ut
1432 437 1585 500 testi
1638 437 1830 502 velim
1879 437 2132 521 credas3

215 545 427 589 meam
480 526 652 589 enim
706 525 815 588 ille
874 525 1267 590 maestitiam
1319 526 1390 589 in
1442 525 1555 590 illo
1619 526 1790 591 bello
1855 525 2132 610 videbat,

216 633 469 677 mecum
517 613 736 677 omnia
780 613 1314 678 communicabat.
1386 612 1614 697 Itaque
1657 615 1904 679 abdidit
1948 636 2016 679 se
2061 616 2132 678 in

214 701 514 765 intimam
533 700 999 786 Macedoniam,
1023 723 1148 785 quo
1178 702 1392 787 potuit
1418 703 1793 787 longissime
1821 725 1860 767 a
1889 704 2133 786 castris,

215 812 355 856 non
398 790 591 855 modo
636 794 713 855 ut
756 812 892 856 non
935 793 1265 875 praeesset
1306 791 1425 856 ulli
1460 792 1744 876 negotio,
1790 792 1900 856 sed
1938 792 2133 856 etiam

215 883 293 943 ut
347 900 429 943 ne
483 879 825 944 interesset
878 879 1152 962 quidem.
1242 878 1308 945 Is
1363 883 1515 964 post
1565 881 1882 965 proelium
1938 902 2005 945 se
2052 880 2134 944 ad

215 967 547 1032 hominem
591 967 1050 1051 necessarium,
1102 967 1183 1033 A.
1227 966 1584 1052 Plautium,
1640 970 1713 1033 in
1756 968 2133 1053 Bithyniam

219 1057 521 1121 contulit:
565 1055 658 1121 ibi
685 1078 832 1121 eum
859 1053 1097 1122 Caesar
1134 1078 1334 1140 quum
1369 1056 1652 1142 vidisset,
1688 1057 1853 1122 nihil
1890 1079 2133 1141 aspere,

218 1144 385 1209 nihil
439 1145 664 1210 acerbe
729 1145 914 1229 dixit,
974 1144 1252 1210 Romam
1313 1145 1503 1211 iussit
1556 1146 1793 1211 venire.
1890 1143 2009 1210 Ille
2063 1147 2135 1209 in

221 1233 519 1298 morbum
584 1233 892 1300 continuo
954 1233 1210 1317 incidit,
1273 1255 1350 1298 ex
1404 1255 1533 1318 quo
1585 1255 1722 1299 non
1781 1234 2133 1299 convaluit:

222 1343 416 1407 aeger
442 1319 789 1406 Corcyram
815 1322 1019 1406 venit3
1062 1322 1155 1386 ibi
1192 1327 1292 1387 est
1317 1325 1629 1387 mortuus.
1702 1322 2137 1406 TestamentO,

220 1411 397 1494 quod
439 1410 685 1477 Romae
729 1409 956 1475 Paullo
996 1414 1062 1475 et
1105 1410 1412 1477 Marcello
1461 1410 1833 1477 consulibus
1877 1409 2138 1495 fecerat,

220 1500 410 1564 heres
454 1521 532 1564 ex
577 1502 762 1584 parte
809 1499 1070 1564 dimidia
1116 1503 1184 1564 et
1224 1501 1418 1564 tertia
1463 1504 1564 1564 est
1589 1498 1852 1585 Capit03
1895 1499 1969 1563 in
2004 1520 2136 1563 sex-

219 1591 405 1652 tante
470 1592 623 1653 sunt
683 1588 758 1672 ii,
821 1609 1095 1672 quorum
1156 1611 1309 1673 pars
1359 1588 1504 1653 sine
1561 1589 1698 1653 ulla
1760 1588 2137 1671 cuiusquam

223 1677 484 1760 querela
518 1676 779 1761 publica
812 1679 1030 1761 potest
1056 1697 1196 1741 esse
1225 1713 1309 1723 —-
1339 1698 1416 1741 ea
1442 1681 1543 1742 est
1579 1676 1662 1741 ad
1687 1675 1817 1742 HS.
1852 1694 1995 1740 xxx
2023 1700 2137 1760 -ς

223 1765 336 1829 sed
383 1765 461 1830 de
506 1766 632 1830 hoc
678 1763 914 1830 Caesar
957 1764 1209 1830 viderit.
1281 1764 1390 1851 Te,
1433 1766 1523 1829 mi
1558 1765 1815 1850 Plance,
1858 1787 1977 1850 pro
2024 1786 2134 1849 pa·
2174 1780 2206 1830 5

220 1859 413 1919 terna
457 1853 958 1940 necessitudine}
1010 1876 1129 1939 pro
1175 1858 1400 1920 nostro
1448 1876 1689 1939 amore,
1742 1876 1860 1938 pro
1908 1854 2136 1919 studiis

223 1947 294 2007 et
347 1943 525 2009 omni
580 1965 771 2009 cursu
824 1946 1048 2010 nostro
1103 1943 1306 2009 totius
1360 1944 1531 2009 vitae
1587 1944 1912 2009 simillimo
1975 1963 2136 2027 rogo
2217 1975 2222 1979 ·

223 2035 293 2095 et
347 2054 387 2096 a
439 2035 503 2096 te
556 2033 650 2096 ita
702 2035 854 2117 peto
865 2082 882 2116 ,
943 2036 1019 2097 ut
1079 2032 1321 2097 maiore
1385 2054 1565 2116 cura,
1626 2032 1869 2098 maiore
1923 2030 2136 2096 studio

223 2121 475 2184 nullam
517 2120 554 2160 '¹‘
591 2120 853 2205 possim,
895 2124 971 2185 ut
1012 2120 1184 2184 hanc
1229 2141 1365 2184 rem
1403 2120 1733 2204 suscipias,
1776 2141 1986 2184 meam
2022 2142 2137 2203 pu-

223 2212 326 2272 tes
373 2230 539 2293 esse,
584 2209 857 2294 enitare,
911 2209 1292 2293 contendas,
1338 2208 1608 2293 efficias,
1661 2211 1737 2273 ut
1779 2228 1924 2272 mea
1969 2228 2138 2272 com-

227 2296 665 2381 mendatione,
722 2300 838 2362 tuo
896 2297 1136 2381 studio,
1184 2295 1474 2361 Caesaris
1526 2296 1839 2364 beneficio
1892 2295 2139 2360 heredi-

226 2386 431 2448 tatem
492 2386 839 2470 propinqui
903 2385 1002 2450 sui
1056 2383 1125 2451 O.
1185 2382 1415 2469 Capito
1474 2384 1781 2450 obtineat.
1890 2381 2141 2467 Omnia,

225 2494 394 2557 quae
447 2475 631 2557 potui
683 2474 755 2538 in
806 2474 931 2538 hac
986 2495 1238 2538 summa
1291 2477 1405 2537 tua
1460 2473 1671 2557 gratia
1727 2492 1804 2536 ac
1848 2471 2141 2559 potentia

223 2584 268 2626 a
314 2564 379 2625 te
423 2562 786 2646 impetrare,
831 2562 885 2626 si
930 2562 1322 2646 petivissem,
1364 2562 1536 2627 ultro
1582 2564 1647 2625 te
1686 2560 1810 2624 ad·
1803 2581 1915 2624 ·me
1963 2560 2139 2624 detu-

222 2650 380 2714 lisse
425 2650 698 2734 putabo,
757 2651 813 2715 si
854 2650 1027 2715 hanc
1069 2671 1207 2714 rem
1250 2650 1697 2733 impetravero.
1786 2647 1956 2712 Illud
2001 2647 2140 2712 fore
2180 2664 2212 2714 6

222 2737 352 2802 tibi
415 2738 786 2803 adiumento
851 2759 1065 2822 spero,
1129 2738 1310 2803 cuius
1374 2737 1511 2822 ipse
1567 2734 1805 2803 Caesar
1860 2735 2142 2820 optimus

224 2847 371 2891 esse
424 2826 615 2891 iudex
668 2829 909 2911 potest:
964 2848 1216 2911 semper
1270 2823 1611 2891 Caesarem
1656 2823 1887 2909 Capito
1945 2825 2145 2889 coluit

222 2919 297 2980 et
359 2913 597 2980 dilexit.
707 2913 832 2980 Sed
902 2916 1039 2999 ipse
1110 2914 1304 2980 huius
1374 2915 1468 2979 rei
1537 2914 1724 2979 testis
1797 2915 1920 2996 est3
1991 2912 2144 2977 novi

373 3106 477 3177 Ep.
516 3112 602 3175 29,
630 3112 680 3161 4.
755 3106 967 3162 duobus
1011 3111 1111 3161 aut
1154 3106 1333 3161 tribus
1370 3106 1498 3176 (NH)
1572 3106 1663 3231 dea
1680 3122 1757 3160 an
1790 3109 1859 3159 tr.
1906 3103 2036 3158 ΜΒ
2074 3132 2145 3145 —-·

223 3178 395 3243 dixit,
421 3124 664 3234 Romam
694 3178 842 3246 (W..)
915 3178 999 3244 d.;
1034 3176 1106 3231 R.
1143 3176 1206 3231 B.
1245 3207 1313 3217 —
1349 3192 1559 3232 0836-
1820 3174 2014 3228 XXX
2046 3205 2113 3214 -

223 3248 323 3304 sed
357 3219 466 3317 (W
469 3251 506 3312 ).
580 3265 652 3303 e..-
689 3264 754 3303 ea
793 3289 838 3302 ..
865 3218 1124 3301 .X’XX.
1200 3247 1309 3302 Sed
1342 3247 1530 3317 vulgo
1598 3191 1663 3300 5‘3
1710 3246 1990 3299 nullam*
2018 3193 2146 3313 pos,-

213 3327 342 3381 sm.
382 3326 532 3397 (W..)
567 3343 623 3381 n.
654 3344 717 3397 Ρ.
753 3327 818 3383 Β.
864 3344 921 3382 n.
958 3342 1159 3395 remp.
1198 3325 1557 3395 (W)autn.
1593 3329 2002 3394 rempeterep.
2043 3322 2155 3390 (vel

212 3415 277 3453 n.
299 3402 494 3523 pagg.
509 3414 622 3453 rem
648 3401 733 3469 Ρ.)
763 3399 872 3468 (W.
875 3402 910 3469 ).
939 3429 1011 3439 —-
1028 3398 1338 3467 petivissem
1366 3396 1452 3466 (V.
1455 3399 1491 3467 ).
1544 3397 1838 3465 potuissem
1862 3394 1937 3447 M.
1984 3392 2153 3462 petis-

212 3485 334 3524 sem
372 3485 401 3522 e
531 3470 688 3536 vett..
726 3471 788 3525 B.
