2338 3691
243 164 374 231 386
809 165 883 220 Μ.
923 162 1169 219 TULLII
1206 161 1587 219 CICERONIS

243 315 424 378 catus
471 314 571 376 est
616 311 961 394 ceterique,
1017 310 1127 394 qui
1172 332 1304 374 una
1349 331 1497 375 cum
1539 309 1651 374 illo
1699 330 1739 373 a
1781 330 1852 374 re
1897 308 2160 393 publica

243 400 640 483 defecerunt3
713 399 945 483 quibus
1008 402 1230 463 tamen
1294 398 1375 462 ad
1440 398 1785 462 sanitatem
1846 398 2156 463 redeundi

244 493 394 554 ante
439 488 520 553 Κ.
566 486 739 590 Sept,
783 491 1073 573 potestas
1117 488 1294 552 facta
1338 489 1454 552 est.
1523 485 1740 552 Fortis
1777 508 1935 552 sane
1974 508 2157 552 sena-

242 568 367 661 tus,
414 578 523 643 sed
569 577 842 641 maxime
889 598 1001 661 spe
1048 575 1317 641 subsidii
1368 576 1483 640 tui.
1572 574 1827 640 Bellum
1881 575 2162 660 quidem,

245 689 442 750 quum
494 666 656 730 haec
711 665 1094 750 scribebam,
1153 687 1308 730 sane
1362 685 1673 750 magnum
1726 667 1866 730 erat
1920 665 2158 730 scelere

245 759 310 820 et
352 755 614 820 levitate
660 754 904 839 Lepidi,
976 753 1116 819 Nos
1154 753 1233 818 de
1260 752 1602 819 Dolabella
1642 752 1946 838 quotidie,
1991 775 2156 838 quae

243 845 560 928 volumus,
604 843 926 927 audimus,
981 842 1092 908 sed
1137 841 1349 907 adhuc
1394 842 1533 908 sine
1570 842 1817 944 capite,
1861 842 2001 907 sine
2046 864 2163 907 au·

173 945 206 994 2
246 935 441 1014 ctore,
484 953 738 997 rumore
775 931 1026 997 nuntio.
1098 930 1285 1007 Quod
1322 952 1522 1015 quum
1564 930 1658 995 ita
1704 933 1891 1016 esset,
1934 934 2158 996 tamen

244 983 478 1097 litteris
521 1021 680 1106 tuis,
725 1041 886 1106 quas
930 1018 1142 1085 Nonis
1188 1019 1380 1085 Maiis
1426 1041 1503 1084 ex
1549 1019 1776 1084 castris
1823 1020 2008 1086 datas
2054 1041 2158 1085 ac·

246 1131 635 1196 ceperamus,
669 1110 765 1175 ita
799 1130 1180 1195 persuasum
1214 1111 1355 1173 erat
1391 1108 1654 1192 civitati,
1697 1111 1773 1173 ut
1805 1108 1989 1174 illum
2026 1109 2160 1174 iam

245 1221 626 1285 oppressum
684 1219 908 1265 omnes
963 1197 1456 1283 arbitrarentur,
1514 1200 1579 1261 te
1635 1200 1852 1262 autem
1902 1198 1973 1261 in
2026 1196 2157 1263 Ita-

244 1289 400 1353 liam
445 1287 661 1353 venire
707 1309 855 1353 cum
900 1287 1208 1372 exercitu,
1253 1290 1352 1371 ut,
1406 1286 1464 1351 si
1505 1285 1667 1351 haec
1712 1307 1790 1351 ex
1835 1287 2158 1352 sententia

246 1377 542 1443 confecta
587 1380 830 1460 essent,
875 1376 1143 1441 consilio
1192 1379 1385 1459 atque
1431 1375 1813 1440 auctoritate
1858 1378 2000 1459 tua,
2055 1376 2156 1440 sin

248 1466 401 1551 quid
443 1465 614 1531 forte
659 1466 1010 1531 titubatum
1021 1515 1038 1548 ,
1095 1468 1172 1529 ut
1222 1464 1300 1529 fit
1341 1464 1413 1528 in
1455 1464 1653 1549 bello,
1707 1464 1987 1529 exercitu
2040 1468 2156 1530 tuo

246 1556 621 1621 niteremur:
667 1575 859 1639 quem
903 1554 1160 1638 quidem
1207 1574 1328 1639 ego
1367 1553 1714 1618 exercitum
1750 1553 2157 1637 quibuscum-

248 1666 371 1728 que
426 1647 697 1729 potuero
751 1644 943 1708 rebus
999 1643 1272 1725 ornabo3
1328 1642 1508 1707 cuius
1561 1642 1656 1706 rei
1705 1645 1846 1706 tum
1901 1645 2160 1727 tempus

247 1733 396 1817 erit,
440 1754 666 1817 quum,
723 1731 876 1817 quid
923 1731 1065 1816 opis
1110 1732 1205 1796 rei
1247 1730 1543 1815 publicae
1586 1731 1837 1796 laturus
1881 1731 1937 1797 is
1983 1753 2158 1796 exer·

248 1820 414 1887 citus
460 1820 546 1886 sit
590 1823 703 1886 aut
748 1820 902 1905 quid
945 1821 1077 1886 iam
1121 1820 1360 1905 tulerit,
1405 1822 1634 1886 notum
1670 1840 1809 1885 esse
1846 1820 2162 1905 coeperit3

247 1932 402 1975 nam
456 1909 666 1975 adhuc
716 1912 974 1975 tantum
1028 1913 1299 1975 conatus
1353 1909 1728 1994 audiuntur,
1783 1909 2011 1994 optimi
2061 1910 2160 1975 illi

250 1999 507 2084 quidem
552 2000 620 2063 et
661 1998 1174 2083 praeclarissimi,
1219 1998 1331 2064 sed
1376 2001 1561 2083 gesta
1595 2020 1697 2063 res
1735 2001 2160 2101 exspectatur,

250 2110 445 2172 quam
491 2087 747 2172 quidem
800 2090 915 2151 aut
955 2087 1088 2152 iam
1133 2108 1273 2152 esse
1318 2087 1600 2170 aliquam
1654 2089 1770 2151 aut
1812 2088 2159 2172 appropin-

175 2187 211 2236 3
251 2197 448 2261 quare
503 2175 775 2241 confido.
865 2174 1006 2240 Tua
1058 2176 1295 2240 virtute
1340 2180 1398 2240 et
1449 2175 1895 2261 magnitudine
1957 2177 2163 2241 animi

250 2265 416 2331 nihil
450 2267 552 2330 est
584 2263 893 2347 nobilius3
938 2264 1154 2349 itaque
1194 2266 1511 2349 optamuS,
1547 2267 1622 2329 ut
1656 2285 1851 2349 quam
1875 2264 2162 2348 primum

249 2358 317 2419 te
377 2353 449 2418 in
508 2352 701 2418 Italia
762 2352 1117 2418 videamus:
1181 2374 1318 2417 rem
1370 2353 1695 2437 publicam
1747 2373 1868 2417 nos
1918 2353 2164 2419 habere

252 2441 735 2526 arbitrabimur,
788 2442 843 2506 si
896 2464 1013 2508 vos
1056 2441 1456 2507 habebimus.
1545 2440 1876 2507 Praeclare
1920 2442 2163 2508 vicera—

252 2553 422 2616 muS,
475 2529 604 2595 nisi
649 2530 1023 2616 spoliatum,
1074 2530 1414 2615 inermem,
1463 2530 1824 2616 fugientem
1876 2529 2164 2615 Lepidus

251 2620 600 2705 recepisset
650 2619 1038 2703 Antonium3
1090 2618 1309 2703 itaque
1362 2640 1716 2704 numquam
1767 2622 1953 2684 tanto
2010 2620 2168 2686 odio

252 2708 499 2774 civitati
533 2707 863 2774 Antonius
895 2708 1040 2790 fuit,
1076 2711 1320 2792 quanto
1358 2711 1458 2773 est
1491 2707 1797 2792 Lepidus3
1839 2707 1948 2772 ille
1986 2709 2164 2773 enim

252 2819 330 2863 ex
382 2797 760 2863 turbulenta
809 2817 880 2862 re
932 2797 1216 2881 publica,
1269 2796 1376 2861 hic
1429 2817 1508 2861 ex
1559 2817 1717 2881 pace
1771 2799 1837 2861 et
1887 2796 2168 2862 victoria

249 2887 492 2952 bellum
538 2885 855 2951 excitavit.
925 2883 1095 2950 Huic
1141 2885 1475 2970 oppositos
1521 2886 1817 2950 eonsules
1863 2885 2164 2971 designa-

250 2978 355 3041 tos
389 2974 724 3059 habemus,
765 2974 834 3038 in
873 2974 1104 3058 quibus
1144 2978 1245 3039 est
1278 2993 1518 3059 magna
1553 2973 1666 3040 illa
1701 2973 1958 3058 quidem
1995 2997 2167 3061 spes,

253 3063 365 3127 sed
428 3083 666 3148 anceps
728 3083 882 3128 cura
951 3065 1217 3147 propter
1276 3061 1557 3164 incertos
1620 3063 1827 3128 exitus
1887 3065 2166 3148 proelio-

178 3162 217 3211 4
253 3171 415 3215 rum.
504 3150 824 3217 Persuade
877 3151 998 3216 tibi
1042 3151 1269 3237 igitur,
1321 3150 1392 3217 in
1444 3154 1510 3216 te
1556 3154 1622 3216 et
1677 3151 1750 3216 in
1793 3150 1998 3217 Bruto
2044 3156 2169 3219 tuo

255 3257 392 3302 esse
455 3239 694 3324 omnia,
752 3261 869 3305 vos
931 3239 1311 3325 exspectari,
1372 3238 1649 3305 Brutum
1710 3240 1967 3325 quidem
2029 3241 2167 3307 iam

253 3324 526 3427 iamque,
615 3326 801 3404 Quod
846 3327 927 3412 si,
970 3331 1046 3393 ut
1090 3350 1306 3413 spero,
1349 3327 1535 3394 victis
1578 3329 1876 3395 hostibus
1919 3331 2167 3396 nostris

254 3412 585 3497 veneritis,
635 3418 857 3481 tamen
909 3418 1293 3483 auctoritate
1338 3420 1553 3483 vestra
1596 3418 2012 3504 respublica
2058 3439 2168 3484 ex—

255 3503 478 3585 surget
521 3503 588 3565 et
629 3504 701 3568 in
745 3504 960 3590 aliquo
1017 3509 1191 3572 statu
1244 3506 1567 3573 tolerabili
1620 3507 1954 3594 consistet3
2007 3511 2167 3574 sunt
