2338 3691
753 131 1273 186 EPISTOLARUM
1309 132 1402 186 IX.
1446 138 1527 186 16.
1571 137 1652 187 17.
2027 127 2155 193 281

242 273 460 338 videre
507 275 822 360 animum,
867 276 979 360 qui
1022 276 1183 341 mihi
1230 276 1466 341 audeat
1506 276 1663 359 ista,
1707 296 1870 359 quae
1917 274 2161 360 scribis,

247 383 571 447 apponere
618 368 733 428 aut
776 365 972 429 etia-m
1007 366 1319 449 polypum
1352 364 1607 429 mim‘ati
1651 363 1823 430 Iovis
1870 363 2160 428 similem.

242 450 410 515 Mihi
473 452 685 537 crede,
758 474 893 518 non
957 453 1253 518 audebis:
1319 457 1470 518 ante
1532 475 1749 518 meum
1813 452 2160 517 adventum

241 540 422 604 fama
467 541 550 605 ad
592 544 660 606 te
715 540 793 605 de
847 564 993 606 mea
1037 565 1210 608 nova
1253 543 1511 608 lautitia
1566 543 1805 625 veniet3
1859 563 2001 606 eam
2058 563 2162 605 ex-

241 629 560 694 timesces.
649 629 876 715 Neque
921 634 1056 715 est,
1091 631 1266 716 quod
1310 632 1381 695 in
1425 631 1818 715 promulside
1866 630 2004 716 spei
2047 651 2160 714 po·

242 738 367 782 nas
428 719 700 803 aliquid,
763 741 957 803 quam
1017 723 1228 785 totam
1301 721 1558 804 sustuli3
1630 720 1917 785 solebam
1988 719 2162 784 enim

242 809 442 871 antea
495 808 818 872 debilitari
872 808 1029 873 oleis
1083 812 1149 873 et
1209 809 1518 875 lucanicis
1578 808 1729 874 tuis.
1818 806 1945 873 Sed
2009 807 2162 892 quid
2198 819 2231 868 9

241 895 407 959 haec
451 897 820 981 loquimur?
873 898 1067 963 liceat
1109 898 1303 963 modo
1356 898 1483 963 isto
1537 898 1773 979 venire.
1864 896 1965 962 Τιι
2009 917 2161 961 vero

246 1020 334 1031 —-
381 986 530 1050 volo
587 986 759 1050 enim
815 986 1185 1072 abstergere
1240 987 1441 1051 animi
1492 987 1591 1052 tui
1644 988 1889 1050 metum
1934 1021 2018 1033 -
2080 985 2163 1049 ad

241 1074 715 1156 tyrotarichum
759 1076 1098 1160 antiquum
1142 1076 1298 1140 redi.
1387 1075 1534 1161 Ego
1579 1076 1702 1139 tibi
1744 1097 1948 1139 unum
1993 1095 2163 1138 sum-

244 1165 434 1247 ptum
492 1163 780 1242 afferam,
845 1165 1018 1248 quod
1079 1165 1385 1229 balneum
1448 1164 1750 1229 calfacias
1812 1163 2164 1248 oportebit3

247 1253 462 1315 cetera
496 1273 672 1317 more
699 1256 951 1318 nostro:
999 1253 1330 1338 superiora
1364 1253 1478 1318 illa
1511 1252 1802 1318 lusimus.
1873 1251 1972 1316 De
2009 1250 2164 1315 villa
2203 1261 2270 1312 10

248 1336 568 1405 Seliciana
622 1343 688 1405 et
740 1342 980 1406 curasti
1034 1342 1379 1428 diligenter
1433 1345 1499 1407 et
1551 1339 1866 1425 scripsisti
1909 1339 2164 1404 facetis-

247 1427 434 1493 sime.
487 1430 706 1514 itaque
750 1433 910 1515 puto
956 1453 1058 1495 me
1110 1432 1740 1516 praetermissurum3
1793 1429 1945 1494 salis
1992 1428 2166 1493 enim

248 1516 408 1580 satis
454 1522 569 1602 est,
615 1520 1006 1584 sannionum
1051 1542 1305 1603 parum.

1098 1713 1309 1779 XVII.

252 1821 369 1877 Sor.
405 1823 616 1881 Romae
652 1842 842 1882 mense
881 1825 1079 1882 Sextili
1115 1829 1265 1897 (post
1299 1826 1420 1882 VII.
1459 1826 1525 1881 K.
1566 1825 1735 1893 Sext.)
1774 1841 1823 1880 a.
1861 1842 1915 1879 u.
1957 1840 2003 1879 c.
2046 1827 2164 1879 708.

925 1949 1183 2006 CICERO
1220 1951 1479 2006 PAETO.

386 2046 486 2112 Ne
537 2051 611 2113 tu
674 2050 869 2115 homo
931 2051 1240 2116 ridiculus
1303 2072 1398 2135 es,
1463 2051 1599 2135 qui,
1668 2072 1865 2135 quum
1920 2048 2164 2113 Balbus
2204 2058 2232 2106 1

251 2140 476 2201 noster
521 2137 692 2221 apud
735 2142 803 2202 te
845 2139 1060 2224 fuerit,
1104 2161 1185 2204 ex
1227 2160 1329 2204 me
1376 2161 1666 2224 quaeras,
1708 2138 1864 2223 quid
1900 2138 1978 2202 de
2022 2136 2166 2202 istis

250 2225 620 2310 municipiis
676 2230 741 2291 et
794 2228 966 2312 agris
1011 2229 1305 2293 futurum
1350 2232 1599 2313 putem,
1653 2228 1837 2312 quasi
1883 2228 1999 2291 aut
2042 2245 2164 2312 ego

251 2313 604 2398 quidquam
667 2316 891 2401 sciam,
955 2317 1128 2400 quod
1190 2318 1313 2382 iste
1366 2317 1638 2401 nesciat,
1701 2320 1839 2401 aut,
1902 2316 1958 2382 si
2012 2314 2166 2400 quid

252 2402 602 2486 aliquando
659 2404 791 2469 scio
801 2455 819 2489 ,
881 2426 1018 2470 non
1080 2427 1160 2470 ex
1212 2406 1338 2470 isto
1394 2406 1635 2471 soleam
1691 2406 1869 2469 scire.
1958 2402 2165 2468 Immo

249 2512 426 2575 vero,
472 2493 527 2556 si
570 2514 673 2556 me
720 2515 898 2557 amas
906 2544 925 2578 ,
968 2497 1043 2558 tu
1087 2494 1212 2577 fac,
1256 2498 1332 2558 ut
1377 2495 1601 2577 sciam,
1654 2494 1809 2578 quid
1854 2493 1932 2557 de
1977 2493 2168 2557 nobis

248 2579 546 2644 futurum
592 2581 701 2664 sit3
743 2581 1031 2647 habuisti
1074 2583 1248 2647 enim
1282 2583 1354 2647 in
1388 2586 1505 2647 tua
1537 2586 1879 2668 potestate,
1924 2602 2003 2645 ex
2037 2602 2166 2664 quo

251 2670 358 2734 vel
403 2691 481 2733 ex
525 2630 741 2735 sobrio
795 2672 898 2735 vel
943 2674 1114 2736 certe
1171 2692 1249 2735 ex
1302 2671 1480 2737 ebrio
1536 2672 1697 2737 scire
1750 2691 2000 2756 posses3
2056 2668 2168 2732 sed

252 2778 379 2843 ego
432 2758 586 2842 ista,
638 2759 728 2822 mi
770 2757 995 2842 Paete,
1048 2781 1186 2824 non
1240 2782 1504 2862 quaero,
1557 2760 1837 2845 primum
1892 2757 2044 2842 quia
2089 2756 2167 2820 de

248 2847 434 2911 lucro
478 2868 682 2931 prope
725 2848 857 2912 iam
903 2809 1397 2932 quadriennium
1439 2849 1741 2932 vivimuS,
1786 2848 1842 2911 si
1887 2849 2002 2910 aut
2042 2844 2169 2909 hoc

248 2936 506 2999 lucrum
549 2939 650 3000 est
695 2939 809 3000 aut
849 2935 1011 3000 haec
1055 2937 1217 3021 vita,
1271 2938 1683 3022 superstitem
1735 2935 1829 2999 rei
1872 2933 2169 3019 publicae

250 3024 494 3108 vivere3
549 3024 779 3090 deinde
835 3025 1007 3109 quod
1053 3026 1215 3091 scire
1259 3047 1365 3108 eyo
1409 3046 1664 3112 quoque
1717 3022 1879 3087 mihi
1931 3022 2171 3107 videor,

254 3113 408 3196 quid
460 3113 755 3178 futurum
817 3114 928 3197 sit3
989 3114 1103 3178 fiet
1165 3115 1364 3198 enim,
1427 3114 1873 3198 quodcumque
1930 3112 2170 3195 volent,

253 3202 366 3285 qui
412 3202 749 3287 valebunt,
794 3202 1105 3268 valebunt
1149 3206 1367 3268 autem
1414 3224 1666 3287 semper
1710 3223 1907 3265 arma.
1998 3198 2170 3264 Satis

393 3411 498 3482 Ep.
551 3419 644 3481 17,
684 3419 731 3467 1.
802 3411 892 3466 Ne
935 3417 999 3466 tu
1150 3416 1368 3481 putem,
1412 3411 1574 3482 quasi
1622 3410 1845 3478 (Gi-on).
1937 3407 2072 3462 Non
2108 3411 2169 3458 tu

254 3520 306 3537 ..
333 3482 564 3552 putem?
619 3501 667 3554 q.
706 3482 800 3552 M„
837 3484 1026 3556 vulgo.
