2338 3691
220 119 349 183 506
783 120 857 174 Μ.
896 119 1143 174 TULLII
1179 118 1564 176 CICERONIS

222 266 578 348 equitatum
632 285 785 328 sane
840 263 1143 329 idoneum
1209 267 1274 328 et
1334 265 1721 349 populorum
1782 264 2143 329 liberorum

220 374 571 437 regumque
628 352 948 417 sociorum
1003 352 1240 417 auxilia
1294 353 1659 417 voluntaria
1706 353 2140 436 comparavis-

223 462 374 505 sem.
464 439 765 525 Interim,
809 462 1007 524 quum
1054 440 1334 505 exercitu
1378 441 1653 505 lustrato
1699 440 1821 504 iter
1865 441 1937 504 in
1985 438 2139 506 Cili-

221 529 386 593 ciam
449 529 659 593 facere
717 528 1087 613 coepissem,
1133 547 1219 588 ιιι.
1266 528 1344 593 Κ.
1404 527 1577 613 Sept.
1640 528 1841 613 legati
1897 550 1937 594 a
1980 550 2137 613 rege

222 615 659 701 Commageno
708 616 790 681 ad
835 639 936 681 me
983 617 1163 681 missi
1207 618 1738 702 pertumultuose,
1782 638 1991 700 neque
2037 621 2136 680 ta-

221 726 372 769 men
415 727 550 769 non
596 726 762 789 vere,
805 705 1083 769 Parthos
1126 706 1198 769 in
1235 703 1484 790 Syriam
1519 704 1828 770 transisse
1873 705 2135 768 nuntia-

223 798 477 857 verunt:
526 814 650 877 quo
681 794 900 859 audito
929 794 1340 858 vehementer
1377 816 1519 858 sum
1547 796 1905 858 commotus
1934 815 2134 877 quum
2200 813 2210 822 ·

223 881 299 945 de
347 879 558 965 Syria,
611 885 751 946 tum
806 882 884 946 de
930 903 1072 946 mea
1125 882 1486 966 provincia,
1540 881 1617 946 de
1663 882 1911 967 reliqua
1956 881 2134 946 deni-

223 991 345 1052 que
391 969 564 1034 Asia
673 969 901 1054 Itaque
957 970 1304 1034 exercitum
1368 970 1529 1034 mihi
1592 970 1954 1034 ducendum
2017 991 2134 1053 per

223 1056 665 1141 Cappadociae
729 1059 1060 1144 regionem
1122 1079 1291 1141 eam,
1354 1080 1515 1142 quae
1580 1055 1871 1123 Ciliciam
1938 1058 2132 1122 attin-

269 1150 427 1230 eret,
471 1147 721 1230 putavi3
774 1168 953 1231 nam,
1008 1147 1063 1210 si
1107 1168 1209 1211 me
1254 1149 1325 1210 in
1370 1144 1657 1211 Ciliciam
1713 1135 2131 1229 demisissem,

222 1167 512 1299 Ciliciam
558 1235 812 1319 quidem
856 1236 1065 1319 ipsam
1118 1239 1383 1319 propter
1435 1235 1675 1300 montis
1721 1234 1963 1298 Amani
2019 1256 2131 1298 na-

221 1327 434 1387 turam
479 1323 667 1387 facile
712 1324 1061 1388 tenuissem
1090 1359 1174 1369 —
1205 1323 1330 1388 duo
1378 1326 1532 1387 sunt
1576 1323 1750 1387 enim
1804 1323 2015 1387 aditus
2061 1322 2134 1386 in

86 1445 92 1451 ·
222 1409 511 1476 Ciliciam
575 1434 653 1475 ex
707 1410 918 1495 Syria,
973 1433 1246 1495 quorum
1299 1414 1566 1496 uterque
1620 1410 1837 1495 parvis
1893 1411 2130 1495 praesi-

222 1498 342 1563 diis
407 1504 671 1583 propter
734 1500 1064 1585 angustias
1126 1500 1467 1564 intercludi
1536 1502 1780 1584 potest,
1850 1519 1970 1563 nec
2034 1503 2135 1563 est

222 1588 573 1672 quidquam
618 1585 841 1653 Cilicia
903 1591 1129 1652 contra
1175 1586 1427 1672 Syriam
1489 1587 1799 1652 munitius
1844 1623 1958 1671 —,
2020 1587 2134 1652 sed

221 1697 324 1740 me
361 1674 770 1760 Cappadocia
813 1676 1130 1759 movebat,
1154 1696 1339 1759 ‚quae
1383 1678 1566 1759 patet
1611 1698 1650 1740 a
1690 1674 1876 1760 Syria
1919 1696 2129 1760 reges-

222 1785 344 1849 que
396 1764 597 1829 habet
646 1763 982 1848 finitimos,
1046 1764 1156 1848 qui
1211 1764 1463 1828 etiamsi
1516 1766 1668 1828 sunt
1722 1765 1889 1828 clam
1944 1764 2131 1832 amici

221 1852 428 1935 nobiS,
465 1858 685 1917 tamen
722 1857 940 1937 aperte
967 1850 1226 1917 Parthis
1254 1852 1497 1918 inimici
1534 1874 1671 1918 esse
1709 1874 1846 1918 non
1874 1852 2129 1918 audent.

221 1939 449 2024 Itaque
494 1941 566 2005 in
610 1938 1019 2025 Cappadocia
1064 1945 1348 2005 extrema
1401 1962 1536 2006 non
1580 1942 1775 2026 longe
1830 1963 1870 2006 a
1916 1941 2129 2006 Tauro

223 2029 393 2111 apud
439 2029 746 2113 oppidum
792 2027 1088 2112 Cybistra
1141 2032 1351 2093 castra
1394 2028 1546 2112 feci,
1598 2032 1673 2093 ut
1730 2032 1796 2093 et
1840 2027 2127 2094 Ciliciam

222 2120 437 2180 tuerer
500 2120 566 2180 et
627 2114 1098 2200 Cappadociam
1167 2121 1396 2181 tenens
1468 2138 1639 2181 nova
1708 2117 2131 2182 finitimorum

224 2204 492 2269 consilia
552 2205 943 2289 impedirem.
1063 2203 1321 2270 Interea
1382 2205 1452 2269 in
1513 2204 1638 2270 hoc
1699 2209 1886 2270 tanto
1950 2209 2128 2270 motu

223 2297 531 2376 tantaque
578 2294 1050 2378 exspectatione
1095 2293 1360 2357 maximi
1407 2291 1560 2361 belli
1613 2314 1726 2357 rex
1769 2293 2132 2375 DeiotaruS,

224 2381 327 2446 cui
390 2403 523 2446 non
586 2382 724 2446 sine
789 2403 983 2447 causa
1035 2381 1382 2464 plurimum
1437 2403 1688 2464 semper
1750 2385 1818 2446 et
1868 2403 2012 2447 meo
2067 2386 2129 2446 et

222 2473 336 2534 tuo
385 2473 450 2533 et
494 2474 754 2535 senatus
791 2469 1024 2534 iudicio
1062 2470 1377 2534 tributum
1413 2472 1529 2553 est,
1573 2470 1671 2533 vir
1708 2492 1906 2554 quum
1940 2470 2127 2534 bene-

223 2557 508 2622 volentia
555 2561 619 2622 et
661 2558 787 2622 fide
834 2578 989 2644 erga
1032 2558 1345 2641 populum
1387 2557 1754 2622 Romanum
1800 2558 2128 2643 singulari,

221 2650 362 2710 tum
425 2647 782 2730 praestanti
842 2645 1288 2731 magnitudine
1351 2649 1417 2710 et
1479 2646 1677 2711 animi
1741 2649 1807 2710 et
1864 2646 2126 2729 consilii,

223 2734 474 2819 legatos
538 2734 619 2799 ad
675 2755 775 2799 me
832 2733 1011 2798 misit
1063 2755 1130 2798 se
1186 2754 1331 2798 cum
1386 2734 1684 2798 omnibus
1739 2734 1871 2799 suis
1930 2735 2124 2819 copiis

223 2824 292 2886 in
337 2844 481 2886 mea
526 2826 737 2888 castra
773 2843 911 2887 esse
948 2824 1317 2905 venturum3
1362 2822 1541 2886 cuius
1578 2841 1699 2907 ego
1741 2822 1953 2888 studio
1995 2822 2124 2887 offi-

223 2911 449 2994 cioque
496 2913 852 2975 commotus
908 2910 1013 2994 egi
1067 2910 1126 2973 ei
1169 2931 1286 2995 per
1337 2910 1584 2974 litteras
1640 2911 1883 2996 gratias
1941 2911 2123 2995 idque

224 3002 300 3063 ut
352 3001 704 3063 maturaret
755 2998 1053 3063 hortatus
1108 3019 1266 3062 sum.
1358 2996 1568 3074 Quum
1614 3003 1831 3063 autem
1886 2999 1968 3063 ad
2013 2997 2123 3083 Cy·

225 3086 428 3150 bistra
487 3089 752 3171 propter
804 3087 1122 3151 rationem
1186 3086 1338 3150 belli
1402 3087 1681 3188 quinque
1738 3086 1873 3151 dies
1928 3109 2124 3152 essem

92 3204 101 3210 -
224 3177 538 3256 moratus,
609 3195 826 3259 regem
901 3164 1433 3257 Ariobarzanem,
1506 3175 1685 3240 cuius
1759 3176 2031 3240 salutem
2090 3197 2125 3239 a

227 3264 455 3323 senatu
517 3265 582 3324 te
638 3265 896 3327 auctore
957 3262 1469 3327 commendatam
1532 3263 1877 3347 habebam,
1951 3285 2123 3348 prae-

227 3342 515 3408 sentibus
543 3348 790 3413 insidiis
825 3350 1321 3433 necopinantem
1357 3351 1642 3434 liberavi,
1678 3373 1886 3435 neque
1926 3353 2124 3417 solum

228 3429 285 3491 ei
332 3432 523 3495 saluti
566 3434 687 3517 fui,
741 3437 852 3501 sed
898 3438 1092 3502 etiam
1138 3438 1385 3523 curavi,
1441 3443 1515 3504 ut
1560 3460 1706 3504 cum
1751 3440 2123 3504 auctoritate
