2338 3691
677 92 1194 148 EPISTOLARUM
1230 88 1342 145 XV
1343 82 1390 140 Ι.
1431 93 1660 150 13—16.
1993 93 2127 158 545

1090 342 1235 409 XV.

681 454 795 511 Ser.
834 474 919 527 pr.
956 456 1036 510 Id..
1074 456 1208 526 Apr.
1248 472 1297 510 a.
1336 473 1390 510 u.
1429 472 1475 509 c.
1518 460 1635 510 700.

765 579 1075 635 TULLIUS
1114 577 1372 633 TIRONI
1409 577 1561 633 SAL.

339 678 645 766 Aegypta
707 679 789 745 ad
850 700 955 743 me
1015 671 1197 743 veuit
1257 701 1360 763 pr..
1414 677 1568 742 Idus
1622 675 1779 762 Apr.
1868 675 1935 741 Is
1998 677 2119 741 etsi
2159 688 2183 735 1

199 768 368 834 mihi
412 768 742 834 nuntiavit
802 770 870 832 te
928 768 1121 852 plane
1177 767 1345 832 febri
1390 787 1604 831 carere
1666 770 1733 829 et
1785 766 1953 830 belle
2006 766 2119 830 ha-

200 857 386 941 bere,
428 861 678 942 tamen,
724 855 896 941 quod
942 856 1210 942 negavit
1250 858 1317 919 te
1362 854 1649 939 potuisse
1696 853 1778 919 ad
1822 876 1924 919 me
1970 855 2120 919 scri-

202 945 377 1029 bere,
422 966 641 1009 curam
677 945 838 1009 mihi
874 945 1111 1029 attulit,
1147 947 1215 1008 et
1250 966 1327 1009 eo
1359 943 1588 1029 magis,
1632 943 1803 1027 quod
1838 942 2121 1028 Hermia,

207 1054 398 1117 quem
429 1033 653 1098 eodem
682 1034 785 1098 die
822 1033 1039 1098 venire
1069 1035 1456 1117 opertuerat,
1490 1052 1627 1097 non
1662 1034 1944 1096 venerat.
2015 1030 2119 1097 In-

208 1121 500 1185 credibili
557 1144 701 1186 sum
739 1121 1191 1187 ‘sollicitudine
1247 1120 1325 1185 de
1380 1123 1497 1185 tua
1546 1120 1939 1203 valetudine3
1994 1142 2121 1204 qua

210 1209 267 1273 si
322 1230 423 1273 me
477 1209 798 1295 liberaris,
844 1230 964 1295 ego
1017 1213 1084 1273 te
1130 1209 1308 1274 omni
1363 1229 1517 1273 cura
1567 1209 1881 1273 liberabo:
1934 1209 2123 1292 plura

210 1297 573 1383 scriberem,
618 1299 673 1363 si
715 1299 846 1362 iam
890 1301 1188 1382 putarem
1227 1296 1504 1361 libenter
1546 1301 1612 1361 te
1656 1298 1869 1382 legere
1913 1301 2121 1382 posse.

209 1383 559 1471 Ingenium
619 1390 832 1471 tuum,
895 1386 1066 1470 quod
1131 1407 1253 1471 ego
1315 1385 1578 1449 maximi
1639 1385 1807 1449 facio
1817 1435 1836 1469 ,
1900 1385 2122 1449 confer

211 1474 293 1537 ad
346 1477 412 1537 te
474 1474 636 1538 mihi
696 1475 942 1559 tibique
1001 1473 1537 1539 conservandum:
1602 1495 1755 1538 cura
1815 1476 1881 1537 te
1927 1474 2123 1538 etiam

210 1565 405 1646 atque
452 1563 647 1627 etiam
694 1562 1050 1648 diligenter.
1140 1561 1323 1626 Vale.

343 1648 601 1735 Scripta
632 1651 763 1716 iam
799 1652 1072 1735 epistola
1097 1650 1366 1715 Hermia
1400 1650 1594 1717 venit.
1666 1648 1907 1735 Accepi
1940 1652 2121 1714 tuam
2158 1666 2190 1712 2

208 1738 552 1822 epistolam
607 1739 1059 1804 vacillantibus
1117 1738 1445 1822 litterulis3
1498 1760 1618 1803 nec
1671 1739 1933 1823 mirum,
1982 1740 2120 1802 tam

76 1845 83 1851 ·
209 1827 396 1912 gravi
438 1828 684 1894 morbo.
755 1827 902 1914 Ego
949 1828 1030 1893 ad
1074 1830 1140 1893 te
1181 1826 1551 1913 Aegyptam
1585 1827 1750 1912 misi,
1795 1826 1967 1911 quod
2000 1849 2120 1892 nec

209 1914 604 1981 inhumanus
651 1920 750 1982 est
805 1921 870 1981 et
913 1921 978 1981 te
1031 1916 1208 1982 visus
1254 1920 1354 1981 est
1396 1916 1557 1980 mihi
1603 1916 1893 2001 diligere,
1944 1919 2021 1980 ut
2063 1916 2118 1980 is

208 2006 426 2068 tecum
473 2007 658 2088 esset,
705 2008 770 2069 et
815 2027 961 2069 cum
1006 2027 1082 2070 eo
1130 2025 1373 2090 cocum,
1419 2025 1547 2088 quo
1589 2008 1857 2070 uterere.
1936 2003 2120 2070 Vale.

1076 2196 1255 2263 XVI.

892 2309 1006 2365 Scr.
1046 2326 1096 2364 a.
1134 2328 1189 2364 u.
1228 2327 1273 2364 c.
1316 2317 1433 2365 700.

811 2431 876 2499 Q.
921 2433 994 2487 M.
1041 2418 1315 2488 FRATRI
1368 2432 1517 2492 SAL.

342 2529 441 2595 De
489 2529 752 2616 Tirone,
796 2533 886 2596 mi
931 2532 1175 2618 Marce,
1228 2534 1323 2597 ita
1374 2536 1440 2598 te
1484 2554 1823 2617 meumque
1868 2530 2117 2598 Cicero·

209 2639 360 2683 nem
405 2622 470 2684 et
512 2621 695 2684 tuam
741 2619 1086 2685 Tulliolam
1129 2625 1440 2706 tuumque
1484 2621 1688 2686 filium
1733 2621 2001 2706 videam,
2045 2625 2119 2685 ut

209 2706 368 2771 mihi
414 2707 853 2792 gratissimum
895 2709 1133 2793 fecisti,
1180 2709 1352 2793 quod
1397 2731 1570 2793 eum,
1623 2710 1962 2794 indignum
2006 2710 2118 2773 illa

207 2795 474 2860 fortuna
509 2795 551 2873 †
589 2817 664 2860 ac
709 2797 899 2862 nobis
943 2797 1220 2862 amicum
1266 2819 1458 2880 quam
1505 2819 1759 2863 servum
1802 2818 1940 2861 esse
1986 2819 2117 2861 ma·

206 2883 411 2948 luisti:
475 2882 636 2948 mihi
700 2883 911 2969 crede,
971 2885 1101 2950 tuis
1165 2889 1232 2950 et
1292 2886 1464 2950 illius
1527 2885 1758 2951 litteris
1819 2886 2117 2970 perlectis

349 3074 394 3128 E
442 3117 453 3129 .
495 3081 578 3143 15,
612 3082 658 3130 1.
733 3077 999 3133 liberabo:
1033 3078 1116 3147 pl.
1169 3077 1321 3147 <W.).
1402 3078 1438 3132 l.
1487 3077 1578 3133 Pl.
1614 3078 1803 3147 vulgo,
1843 3107 1910 3118 ——
1947 3093 2118 3132 cons..-

203 3159 345 3198 σανα
384 3092 535 3216 (ἓν).
608 3163 653 3201 c.
711 3147 865 3203 θωνα
899 3148 1087 3218 vulgo,
1168 3147 1271 3218 Ep.
1313 3155 1395 3216 16,
1427 3156 1473 3202 1.
1546 3153 1599 3203 et
1631 3154 1784 3202 tuam
1824 3147 2119 3203 Tulliolam

209 3213 341 3282 (W.)
430 3221 482 3269 et
506 3233 680 3271 meam
710 3216 774 3272 Τ.
802 3219 895 3285 Μ.,
922 3219 1109 3290 vulgo.
1149 3249 1217 3258 —-
1252 3219 1448 3285 fecisti,
1474 3221 1619 3288 quod
1643 3219 1794 3288 (W.).
1861 3220 1927 3286 fi,
1952 3236 2119 3288 quum

207 3283 312 3352 M„
348 3286 538 3357 vulgo.
586 3318 656 3328 --
709 3289 941 3354 fortuna
975 3293 1011 3356 †
1047 3306 1114 3344 ae
1155 3289 1315 3344 nobis
1365 3289 1483 3358 CM„
1519 3289 1649 3357 W.).
1738 3289 1779 3354 f.
1826 3305 1893 3343 ac
1936 3291 2118 3343 condi·

207 3356 371 3496 ἷὲπῗ
405 3358 566 3481 ngbis
609 3358 744 3428 (W.)
792 3362 893 3414 aut
934 3359 1009 3426 fi,
1053 3360 1307 3414 libertum
1350 3376 1416 3414 ac
1458 3377 1513 3413 n.
1554 3359 1686 3427 (W.)
1725 3360 1826 3412 aut
1858 3360 1929 3425 tl,
1962 3359 2119 3412 nobis

272 3441 337 3479 ra
365 3469 396 3493 .,
482 3432 534 3498 .).
1285 3458 1289 3463 ’

313 3512 542 3558 ciceroni·
567 3517 695 3567 epm.
721 3518 759 3559 1.
1716 3514 1783 3564 35
