2338 3691
132 203 133 208 Ν
236 159 368 224 658
748 155 1108 214 nmsroml
1145 156 1213 223 Q.
1247 154 1628 213 omenoms

237 303 486 370 fructus
514 306 614 369 est
639 302 1056 387 assiduitatis,
1088 323 1226 369 non
1261 303 1470 370 solum
1506 323 1645 368 esse
1671 300 1918 369 Romae
1957 306 2154 388 atque

238 392 309 458 in
352 392 515 475 foro,
560 393 672 458 sed
714 392 967 457 assidue
1003 396 1242 477 petere,
1286 412 1477 475 saepe
1512 391 1772 457 eosdem
1806 392 2157 477 appellare,

238 502 375 547 non
404 481 823 565 committere,
857 484 932 545 ut
966 481 1307 565 quisquam
1341 480 1550 565 possit
1584 479 1820 546 dicere:
1865 481 1907 560 †
1936 481 2158 565 quoad

240 570 377 634 eius
441 570 746 654 consequi
807 569 1046 654 poesie,
1107 570 1164 634 si
1226 568 1343 634 abs
1403 571 1469 633 te
1522 589 1658 634 non
1711 569 1797 633 sit
1848 572 2156 655 rogatum

155 674 216 716 u
241 661 310 722 et
351 657 536 722 valde
581 679 656 723 ac
701 657 1043 744 diligenter
1085 660 1406 743 rogatum,
1492 654 1878 742 Benignitas
1933 660 2157 723 autem

239 746 370 810 late
414 749 621 830 patet:
678 750 779 812 est
819 747 891 811 in
934 767 1004 811 re
1046 746 1377 828 familiari,
1423 766 1587 828 quae
1633 766 2024 829 quamquam
2070 745 2157 810 ad

240 834 720 900 multitudinem
762 834 1094 919 pervenire
1139 855 1276 900 non
1321 836 1556 918 potest,
1597 837 1821 898 tamen
1864 833 1947 898 ab
1995 835 2155 899 ami·

242 922 333 986 cis
395 922 721 1005 laudatur,
775 922 1174 988 multitudini
1228 927 1417 1008 grata
1469 926 1595 1004 est3
1657 925 1756 987 est
1806 921 1879 986 in
1933 922 2157 988 convi-

239 1010 772 1165 zzzzssrzzzsrfast
797 1009 1778 1184 craumers&
1820 1009 2159 1164 {m

1571 1147 1589 1182 ἱ

242 1208 464 1340 {3333
500 1210 711 1341 3²³3
739 1189 2160 1361 333¹{203r1325332132r12133552¹31*

240 1364 377 1429 lum
436 1364 685 1430 foribus
748 1365 1002 1430 aedium
1061 1369 1349 1447 tuarum,
1409 1363 1522 1429 sed
1588 1364 1784 1428 etiam
1834 1364 2021 1429 vultu
2077 1384 2157 1429 ac

241 1451 475 1535 fronte,
520 1474 683 1538 quae
728 1457 829 1518 est
874 1453 1071 1518 animi
1115 1455 1331 1536 ianua,
1374 1473 1538 1536 quae
1583 1453 1638 1517 si
1674 1451 2001 1537 significat
2044 1474 2158 1518 vo-
2219 1451 2230 1462 ’

241 1541 561 1606 luntatem
623 1541 909 1606 abditam
963 1562 1099 1607 esse
1163 1561 1240 1606 ac
1303 1545 1645 1623 retrusam,
1705 1540 1891 1625 parvi
1934 1539 2160 1605 'refert

241 1632 463 1713 patere
518 1630 783 1713 ostium,
845 1630 1141 1695 homines
1195 1629 1369 1694 enim
1421 1649 1557 1694 non
1611 1628 1803 1694 modo
1856 1628 2158 1713 promitti

245 1717 386 1801 sibi,
428 1718 808 1802 praesertim
851 1739 1014 1803 quae
1061 1740 1102 1783 a
1137 1717 1479 1783 candidato
1515 1720 1760 1801 petant,
1804 1715 1919 1781 sed
1954 1718 2155 1782 etiam

159 1822 216 1866 45
242 1806 422 1893 large
468 1810 660 1892 atque
704 1806 1056 1873 honorifice
1099 1806 1394 1892 promitti
1437 1806 1681 1872 volunt.
1771 1804 1985 1882 Quare
2031 1805 2158 1873 hoc

244 1895 502 1979 quidem
562 1896 751 1961 facile
806 1900 1220 1980 praeceptum
1282 1899 1407 1979 est,
1460 1899 1563 1979 ut,
1625 1893 1798 1979 quod
1857 1894 2155 1960 facturus

245 1984 352 2065 sis,
394 1982 461 2048 id
508 1984 828 2068 significes
873 1987 940 2048 te
986 1983 1269 2049 studiose
1314 2005 1390 2048 ac
1434 1983 1709 2048 libenter
1763 2003 1902 2048 esse
1945 1982 2157 2048 factu·

241 2091 414 2154 rum3
464 2071 624 2136 illud
671 2071 995 2137 difficilius
1040 2075 1107 2137 et
1148 2072 1357 2157 magis
1401 2071 1483 2136 ad
1528 2075 1785 2156 tempus
1829 2092 2029 2155 quam
2077 2071 2158 2136 ad

242 2162 544 2225 naturam
607 2160 1158 2226 accommodatum
1218 2164 1426 2244 tuam,
1497 2160 1671 2245 quod
1740 2158 1955 2225 facere
2020 2181 2156 2225 non

243 2248 473 2332 possis„
516 2251 591 2314 ut
632 2248 698 2314 id
744 2248 781 2287 ²⁸
808 2248 844 2288 *
872 2248 909 2287 *
955 2252 1069 2314 aut
1102 2249 1380 2314 iucunde
1413 2269 1640 2334 neges:
1686 2269 1960 2332 quorum
1998 2248 2155 2313 alte·

156 2409 169 2417 ‚
242 2358 389 2401 rum
443 2340 542 2401 est
591 2339 814 2403 tamen
865 2337 1020 2402 boni
1074 2336 1223 2421 viri,
1276 2337 1551 2402 alterum
1611 2335 1769 2402 boni
1828 2337 2158 2421 petitoris3

243 2446 423 2507 nam,
478 2446 676 2509 quum
718 2424 785 2491 id
838 2425 1108 2510 petitur,
1159 2425 1333 2509 quod
1376 2424 1648 2517 honeste
1693 2428 1809 2489 aut
1861 2425 2001 2490 sine
2050 2424 2157 2489 de·

242 2513 550 2579 trimento
615 2516 839 2579 nostro
912 2513 1288 2599 promittere
1348 2534 1483 2578 non
1552 2533 1926 2598 possumne,
1996 2534 2157 2596 quo·

243 2600 436 2667 modo
483 2602 539 2666 si
584 2602 697 2686 qui
739 2605 944 2688 roget,
988 2605 1063 2667 ut
1106 2605 1334 2667 contra
1369 2601 1644 2667 amicum
1681 2601 1962 2685 aliquem
1994 2621 2158 2686 ,cau-

246 2710 386 2755 sam
439 2691 849 2775 recipiamus,
900 2689 1066 2755 belle
1118 2690 1491 2776 negandum
1543 2693 1668 2773 est,
1720 2693 1797 2753 ut
1849 2689 2160 2755 ostendas

244 2778 810 2862 necessitudinem,
873 2776 1306 2861 demonstres,
1377 2798 1572 2861 quam
1632 2777 1902 2843 moleste
1964 2777 2161 2863 feras,

379 2948 461 3010 11,
500 2947 587 2996 43.
649 2941 687 3005 †
722 2939 904 3010 quoad
948 2938 1065 2993 eius
1109 2940 1277 2991 const.
1316 2934 1410 3004 (W
1413 2936 1464 3000 .).
1535 2931 1898 2999 Exciderunt,
1945 2928 2162 3013 opinor,

231 3013 502 3068 nonnulla
537 3014 668 3067 ante
705 3010 901 3081 quoad.
967 3009 1056 3063 An
1092 3009 1270 3064 dicere
1303 3006 1440 3076 quid
1474 3019 1583 3059 esse
1618 3003 1732 3072 (vel
1766 3003 1839 3068 d„
1877 3000 2014 3070 quud
2050 3002 2161 3065 sat),

233 3088 378 3159 quod
414 3103 456 3141 c.
488 3103 547 3154 p.
579 3084 729 3152 (W)‘?
784 3098 832 3152 q.
863 3098 904 3136 e.
942 3080 980 3144 †
1007 3094 1150 3135 coras.
1180 3078 1242 3132 B.
1301 3082 1386 3131 44.
1424 3076 1519 3143 fac
1551 3078 1616 3129 ut
1650 3078 1700 3128 et
1726 3074 1778 3142 (1
1809 3072 1892 3126 cd.
1923 3069 2162 3136 Lamb.).

234 3161 405 3226 facito
441 3162 492 3210 et
532 3163 559 3210 1
600 3155 668 3209 cd
722 3152 919 3208 Lamb.
982 3151 1153 3218 facete
1198 3146 1320 3203 cdd.
1370 3144 1545 3215 Grut„
1589 3144 1722 3213 Erf„
1760 3158 1945 3227 marg.
1993 3142 2162 3207 Crat„

236 3231 321 3283 cd.
350 3227 567 3284 Daniel.
622 3227 716 3292 fac
742 3230 793 3279 et
820 3224 904 3278 cd.
961 3222 1148 3289 Tum,
1174 3220 1238 3274 B.
1270 3249 1336 3258 —
1374 3233 1513 3287 quae
1539 3234 1577 3271 a
1603 3213 2162 3296 candalum-(uulgo).

236 3299 381 3365 quod
425 3298 735 3367 equandwm
779 3297 909 3349 dato
953 3292 1068 3346 Erf.
1141 3290 1287 3361 quod
1332 3306 1383 3343 a.
1423 3304 1466 3342 e.
1503 3287 1565 3343 B.
1649 3290 1734 3340 45.
1789 3283 2020 3338 Excnht
2063 3288 2164 3337 aut

238 3367 463 3432 benique
489 3367 785 3432 promittas
821 3364 935 3433 (vel
960 3362 1291 3431 polliceare).
1365 3359 1428 3413 id
1464 3362 1564 3412 aut
1607 3356 1846 3410 iucunde
1880 3369 2040 3424 neges
2077 3354 2162 3407 cd

239 3432 424 3500 Turn.‚
461 3434 580 3488 Pal.
652 3436 714 3489 id
759 3435 989 3489 iocunde
1031 3450 1087 3486 n.
1151 3429 1285 3499 Erf„
1323 3429 1448 3484 edd.
1484 3428 1620 3482 vett.
1693 3427 1756 3480 id
1800 3425 2040 3480 iucunde
2075 3440 2162 3477 m·

235 3516 406 3566 yenue
439 3518 496 3554 n.
534 3503 618 3557 cd.
656 3504 833 3559 Maur.
873 3535 939 3545 —
970 3508 1045 3559 est
1081 3507 1263 3559 tamen
1298 3501 1429 3558 boni
1464 3498 1635 3569 (Eri).
1700 3500 1779 3553 est
1812 3496 1860 3552 b.
1899 3494 2089 3565 vulgo.
