2338 3691
275 150 401 214 388
835 148 910 204 M.
949 126 1616 206 TULL11‘c1cER0N1s

272 296 351 360 de
395 295 585 361 nobis
631 294 960 359 sollicitus.
1030 294 1278 380 Itaque,
1323 296 1494 380 quod
1539 299 1603 360 te
1647 296 1928 381 primum
1974 296 2184 362 existi-

269 406 447 449 mare
500 383 811 468 putabam
864 405 986 449 nos
1040 405 1350 469 oppressa
1405 407 1474 449 re
1536 386 1796 470 publica
1860 385 2182 469 quiescere

270 495 406 537 non
468 494 684 557 posse,
748 472 1002 557 deinde,
1066 494 1264 557 quum
1328 474 1722 558 suspicarere
1777 496 1899 539 nos
1952 474 2184 559 moliri,

272 561 444 645 quod
496 565 562 624 te
618 561 963 626 sollicitum
1018 584 1155 627 esse
1212 567 1278 626 et
1332 562 1409 626 de
1465 563 1670 627 salute
1715 567 1940 627 nostra
1996 566 2060 627 et
2104 563 2184 627 de

269 671 484 713 rerum
530 652 765 714 eventu
826 651 1164 735 putabam,
1231 651 1420 715 simul
1465 672 1541 716 ac
1602 651 1892 737 legiones
1949 653 2186 737 accepi,

271 760 431 822 quas
485 736 564 802 Α.
609 737 904 803 Allienus
960 739 1266 804 eduxerat
1312 761 1388 803 ex
1435 738 1762 825 AegyptO,
1818 740 2045 824 scripsi
2101 741 2184 805 ad

269 830 334 891 te
396 827 892 911 tabellariosque
957 828 1317 912 complures
1379 827 1655 893 Romam
1718 829 1890 913 misi3
1954 830 2184 913 scripsi

269 916 466 980 etiam
511 915 592 980 ad
638 920 934 981 senatum
986 917 1264 1000 litteraS,
1324 939 1482 1001 quas
1529 917 1709 982 reddi
1753 919 1927 982 vetui
1973 919 2181 1003 prius·

268 1026 464 1089 quam
517 1005 637 1090 tibi
691 1005 996 1070 recitatae
1052 1010 1295 1089 essent,
1350 1007 1405 1070 si
1448 1006 1618 1072 forte
1672 1007 1799 1072 mei
1854 1006 2183 1092 obtempe-

267 1115 410 1158 rare
455 1093 617 1158 mihi
659 1095 1019 1159 voluerunt.
1093 1093 1279 1170 Quod
1325 1094 1381 1159 si
1424 1095 1676 1160 litterae
1722 1097 2008 1181 perlatae
2044 1118 2184 1161 non

269 1185 437 1266 sunt,
481 1205 617 1248 non
663 1182 887 1248 dubito
898 1234 915 1266 ‚
960 1183 1115 1267 quin
1159 1183 1527 1267 Dolabella,
1580 1184 1691 1267 qui
1734 1184 1979 1249 nefarie
2026 1183 2180 1249 Tre-

267 1272 464 1337 bonio
513 1272 722 1338 occiso
760 1271 985 1336 Asiam
1032 1273 1387 1358 occupavit,
1431 1273 1802 1338 tabellarios
1847 1294 2026 1353 meos
2074 1274 2179 1337 de-

268 1361 681 1445 prehenderit
724 1361 1097 1445 litterasque
1143 1361 1570 1446 interceperit.
1659 1361 1996 1427 Exercitus
2043 1383 2178 1427 om-

266 1472 403 1534 neS,
448 1451 558 1534 qui
601 1451 673 1514 in
719 1447 905 1534 Syria
956 1450 1247 1533 fuerunt,
1299 1454 1507 1516 teneo.
1596 1449 1814 1515 Habui
1858 1451 2179 1535 pollulum

264 1560 504 1623 morae,
549 1539 701 1603 dum
748 1539 1064 1623 promissa
1107 1539 1421 1604 militibus
1457 1540 1781 1624 persolvo:
1828 1561 2001 1605 nunc
2044 1540 2179 1604 iam

266 1649 411 1693 sum
474 1628 825 1711 expeditus.
914 1626 975 1691 A
1020 1632 1085 1691 te
1139 1631 1319 1712 peto,
1381 1631 1457 1710 ut
1519 1628 1901 1714 dignitatem
1963 1650 2179 1693 meam

265 1717 778 1781 commendatam
820 1716 941 1780 tibi
986 1716 1229 1781 habeas
1238 1768 1255 1800 ‚
1311 1717 1367 1781 si
1412 1738 1514 1783 me
1568 1717 1876 1803 intelligis
1922 1719 2179 1783 nullum

262 1826 471 1889 neque
516 1805 872 1890 periculum
915 1826 1122 1890 neque
1168 1805 1456 1872 laborem
1500 1806 1746 1891 patriae
1804 1806 2177 1893 denegasse,

264 1895 334 1964 si,
374 1899 601 1960 contra
662 1895 1251 1979 importunissimos
1313 1896 1597 1960 latrones
1661 1917 1841 1960 arma
1904 1896 2045 1980 cepi
2108 1901 2177 1961 te

262 1981 567 2047 hortante
613 1986 680 2047 et
714 1986 993 2066 auctore,
1039 1983 1095 2047 si
1138 2006 1273 2048 non
1313 1984 1521 2049 solum
1558 1985 1870 2049 exercitus
1909 1984 1989 2048 ad
2035 2006 2176 2049 rem

261 2071 588 2155 publicam
612 2072 1100 2156 libertatemque
1129 2072 1597 2140 defendendam
1638 2073 2024 2157 comparavi,
2060 2073 2176 2138 sed

262 2160 457 2224 etiam
510 2160 964 2225 crudelissimis
1017 2162 1312 2245 tyrannis
1367 2161 1596 2245 eripui,
1660 2183 1821 2246 quos
1876 2162 1931 2226 si
1988 2182 2173 2226 occu-

259 2253 479 2332 passet
538 2248 896 2333 Dolabella,
956 2271 1092 2314 non
1156 2251 1366 2315 solum
1428 2250 1708 2314 adventu
1716 2300 1736 2334 ‚
1800 2250 1911 2315 sed
1975 2250 2174 2315 etiam

261 2337 565 2421 opinione
620 2341 686 2402 et
738 2338 1215 2422 exspectatione
1279 2338 1591 2403 exercitus
1647 2339 1748 2403 sui
1808 2338 2174 2403 Antonium

262 2426 721 2491 confirmasset.
829 2426 1002 2502 Quas
1066 2426 1151 2491 ob
1213 2449 1316 2492 res
1378 2427 1615 2491 milites
1669 2430 1874 2511 tuere,
1940 2427 1995 2492 si
2060 2450 2172 2493 eos

259 2514 523 2579 mirifice
579 2515 656 2579 de
719 2536 788 2580 re
851 2515 1110 2599 publica
1163 2516 1427 2581 meritos
1491 2538 1628 2580 esse
1693 2516 2175 2600 animadvertiS,

260 2606 328 2668 et
380 2604 586 2688 effice,
638 2624 722 2667 ne
779 2624 969 2687 quem
1020 2604 1353 2705 poeniteat
1402 2626 1540 2669 rem
1592 2604 1916 2688 publicam
1972 2626 2169 2688 quam

261 2713 440 2775 spem
493 2692 768 2775 praedae
824 2695 890 2756 et
940 2692 1314 2776 rapinarum
1360 2692 1539 2776 sequi
1593 2692 1911 2757 maluisse.
2001 2692 2170 2758 Item

258 2779 467 2845 Murci
513 2784 580 2845 et
625 2778 834 2864 Crispi
886 2780 1350 2865 imperatorum
1397 2781 1806 2882 dignitatem,
1852 2785 2168 2865 quantum

259 2872 360 2934 est
411 2869 483 2934 in
535 2873 628 2953 te,
679 2872 886 2954 tuere3
946 2892 1101 2934 nam
1145 2867 1387 2934 Bassus
1451 2870 1679 2934 misere
1742 2870 1953 2934 noluit
2007 2871 2170 2935 mihi

258 2958 582 3043 legionem
624 2959 904 3043 tradere3
949 2958 1121 3042 quod
1167 2958 1296 3024 nisi
1339 2958 1575 3023 milites
1620 2957 1825 3023 invito
1871 2980 1947 3023 eo
1991 2959 2171 3045 lega·

257 3048 363 3110 tos
407 3047 489 3111 ad
534 3068 636 3112 me
690 3048 1043 3130 misissent,
1097 3048 1382 3112 clausam
1424 3046 1784 3132 Apameam
1835 3048 2172 3132 tenuisset,

260 3135 473 3215 quoad
535 3135 600 3200 vi
663 3139 832 3201 esset
894 3139 1280 3220 expugnata.
1376 3135 1556 3201 Haec
1615 3158 1653 3200 a
1706 3139 1772 3200 te
1825 3140 1976 3221 peto
2032 3158 2171 3203 non

261 3220 471 3285 solum
515 3224 607 3286 rei
651 3225 963 3308 publicae,
1008 3246 1172 3308 quae
1208 3224 1329 3290 tibi
1366 3247 1616 3310 semper
1651 3225 1778 3289 fuit
1817 3225 2170 3309 carissima,

262 3306 374 3370 sed
419 3310 613 3373 etiam
660 3313 975 3377 amicitiae
1021 3317 1282 3378 nostrae
1327 3314 1617 3399 nomine,
1673 3335 1865 3397 quam
1910 3314 2166 3379 confido

190 3404 226 3451 4
261 3394 434 3477 apud
476 3400 542 3459 te
596 3400 944 3480 plurimum
995 3424 1204 3487 posse.
1294 3399 1496 3466 Crede
1551 3402 1710 3468 mihi
1762 3401 1936 3466 hunc
1990 3423 2166 3467 exer-

262 3481 478 3568 citum,
522 3505 711 3568 quem
754 3489 982 3576 habeo,
1028 3494 1291 3556 senatus
1338 3494 1529 3576 atque
1576 3490 1802 3576 optimi
1857 3491 2165 3577 cuiusque
