2338 3691
516 150 1034 206 EPISTOLARUM
1062 149 1159 205 An
1195 148 1259 215 Q.
1288 135 1662 206 FRATREM
1684 154 1726 207 1.
1759 161 1804 207 1.
1837 160 1883 208 2.
2028 152 2159 218 575

228 295 362 361 iam
407 295 529 360 tibi
574 294 735 360 Asia
780 295 898 379 sic,
941 296 1038 359 uti
1084 296 1202 360 uni
1246 290 1480 379 cuique
1528 318 1646 361 sua
1690 296 1946 381 domus,
1998 300 2157 362 nota

230 405 373 449 esse
427 383 686 469 debeat,
750 404 949 467 quum
1008 384 1092 448 ad
1135 387 1318 449 tuam
1372 405 1693 450 summam
1745 385 2155 469 prudentiam
2275 413 2280 416 ·

227 476 456 538 tantus
501 493 657 537 usus
705 473 1071 556 accesserit,
1116 473 1282 538 nihil
1329 494 1496 556 esse,
1552 473 1722 557 quod
1768 473 1849 537 ad
1897 473 2154 538 laudem

231 561 528 644 attineat,
574 560 746 645 quod
790 582 927 625 non
952 564 1044 626 *tu
1084 562 1326 646 optime
1362 561 1712 646 perspicias
1750 564 1817 626 et
1850 562 1973 626 tibi
2017 582 2154 627 non

232 650 373 714 sine
420 649 797 733 cuiusquam
849 649 1221 715 hortatione
1278 651 1350 715 in
1395 653 1678 715 mentem
1732 650 1951 714 veniat
1996 672 2151 734 quo-

229 737 416 820 tidie3
446 738 582 803 sed
629 759 779 823 ego,
825 739 1004 822 quia,
1049 761 1248 823 quum
1294 743 1408 803 tua
1452 739 1627 824 lego,
1682 742 1749 804 te
1796 739 2043 823 audire,
2087 742 2154 803 et

233 826 412 910 quia,
476 848 675 910 quum
719 826 802 891 ad
856 831 921 891 te
977 827 1189 892 scribo
1199 877 1217 911 ‚
1269 831 1483 892 tecum
1527 827 1707 911 loqui
1750 827 1999 911 videor,
2059 828 2151 892 id·

233 915 404 981 circo
464 918 530 978 et
591 918 706 979 tua
767 916 1149 1001 longissima
1216 937 1468 1000 quaque
1542 916 1816 1000 epistola
1878 917 2152 981 maxime

234 1003 518 1069 delector
582 1006 647 1067 et
707 1004 846 1088 ipse
909 1005 979 1068 in
1043 1004 1382 1070 scribendo
1438 1026 1581 1069 sum
1627 1025 1817 1088 saepe
1875 1005 2152 1089 longior.

233 1091 405 1156 Illud
450 1094 515 1156 te
562 1092 645 1156 ad
707 1096 1065 1157 extremum
1127 1097 1194 1157 et
1248 1114 1361 1158 oro
1408 1097 1475 1157 et
1525 1092 1779 1176 hortor,
1831 1095 1933 1174 ut,
1985 1097 2146 1157 tam·
2174 1113 2229 1154 ιο

237 1201 433 1264 quam
484 1183 713 1264 poetae
768 1181 926 1246 boni
990 1183 1057 1245 et
1109 1185 1360 1246 actores
1413 1181 1714 1245 industrii
1771 1181 2007 1265 solent,
2062 1183 2155 1246 sic

234 1271 308 1333 tu
352 1269 424 1332 in
469 1272 752 1333 extrema
795 1273 980 1354 parte
1028 1273 1093 1334 et
1138 1270 1550 1335 conclusione
1595 1270 1879 1334 muneris
1926 1291 2000 1334 ac
2044 1291 2152 1334 ne-

234 1358 398 1443 gotii
452 1358 551 1423 tui
606 1358 1137 1443 diligentissimus
1194 1359 1308 1441 sis,
1370 1361 1445 1423 ut
1497 1358 1603 1424 hic
1656 1358 1887 1423 tertius
1943 1380 2153 1423 annus

234 1444 487 1530 imperii
549 1446 646 1511 tui
709 1450 1042 1532 tamquam
1113 1448 1343 1511 tertius
1414 1451 1588 1512 acius
1649 1447 2153 1531 perfectissimus

235 1538 428 1619 atque
475 1535 924 1601 ornatissimus
968 1536 1171 1601 fuisse
1216 1535 1535 1601 videaturz
1588 1535 1655 1599 id
1710 1535 2014 1600 facillime
2058 1535 2152 1599 fa·

235 1624 391 1707 cies,
437 1624 492 1687 si
535 1645 666 1708 me,
711 1625 814 1690 cui
869 1645 1121 1709 semper
1165 1625 1281 1689 uni
1325 1624 1534 1709 magis
1586 1645 1782 1708 quam
1840 1624 2153 1689 universis

234 1713 489 1796 placere
535 1713 817 1798 voluisti,
860 1717 1077 1778 tecum
1123 1735 1374 1797 semper
1419 1734 1558 1778 esse
1603 1712 1863 1798 putabis
1911 1716 1976 1777 et
2021 1735 2154 1778 om·

235 1801 429 1866 nibus
475 1801 554 1867 iis
596 1802 810 1886 rebuS,
856 1824 1017 1887 quas
1054 1801 1226 1868 dices
1273 1805 1339 1867 et
1372 1802 1589 1887 facies,
1632 1802 1960 1869 interesse.
2030 1800 2153 1868 Re-

235 1890 484 1974 liquum
529 1894 646 1974 est,
688 1894 764 1957 ut
798 1894 865 1958 te
902 1912 1099 1977 orem,
1143 1895 1219 1955 ut
1253 1891 1607 1957 valetudini
1642 1894 1813 1974 tuae,
1858 1892 1914 1956 si
1949 1912 2052 1956 me
2089 1893 2156 1957 et

236 1982 385 2043 tuos
434 2000 656 2044 omnes
701 1980 915 2045 valere
952 1980 1069 2066 vis,
1114 1980 1604 2066 diligentissime
1641 1980 1899 2046 servias.
1970 1979 2154 2046 Vale.

1149 2173 1234 2239 11.

243 2282 357 2337 Scr.
395 2298 584 2338 mense
620 2283 926 2341 Novembri
971 2285 1139 2353 (inter
1175 2285 1321 2340 VIII.
1375 2285 1498 2339 Kal.
1536 2285 1677 2341 Nov.
1726 2287 1786 2340 et
1833 2283 1979 2339 XIII.
2028 2284 2153 2339 Kal.

900 2356 1054 2425 Dec.)
1092 2373 1142 2411 a.
1182 2374 1235 2411 u.
1274 2373 1319 2411 c.
1360 2362 1477 2411 695.

626 2477 923 2536 MARCUS
965 2479 1245 2547 QUINTO
1283 2479 1554 2535 FRATRI
1592 2478 1760 2534 SAL.

372 2576 617 2644 Statius
647 2580 729 2644 ad
755 2602 857 2645 me
886 2581 1065 2645 venit
1101 2603 1157 2645 a.
1194 2580 1253 2644 d.
1282 2599 1421 2645 vm.
1457 2579 1535 2644 K.
1571 2577 1637 2644 N
1640 2579 1918 2645 ovembr.
1990 2578 2150 2644 Eius
2193 2574 2221 2623 ²

238 2666 570 2751 adventus,
614 2667 788 2753 quod
814 2669 919 2733 ita
953 2669 1285 2753 scripsisti,
1330 2669 1652 2753 direptum
1694 2668 1776 2732 iri
1810 2671 1877 2732 te
1923 2689 1962 2731 a
2005 2668 2152 2751 tuis,
2194 2640 2220 2681 ¹

238 2755 388 2818 dum
453 2756 510 2819 is
575 2757 859 2841 abesset,
921 2758 1232 2822 molestus
1276 2757 1437 2821 mihi
1488 2756 1641 2840 fuit3
1704 2756 1877 2840 quod
1935 2758 2151 2820 autem

236 2844 783 2927 exspectationem
848 2846 948 2909 sui
1011 2866 1518 2930 concursumque
1583 2867 1756 2928 eum,
1829 2844 1940 2928 qui
2013 2849 2152 2908 erat

234 2931 491 2997 futurus
506 2982 524 3016 ,
570 2933 626 2997 si
671 2956 804 2998 una
847 2938 1062 2998 tecum
1109 2934 1444 2998 decederet
1484 2955 1693 3017 neque
1740 2936 1933 2997 antea
1973 2933 2151 2998 visus

235 3024 433 3105 esset,
479 3022 767 3107 sustulit,
820 3022 887 3086 id
931 3022 1091 3087 mihi
1144 3044 1281 3088 non
1324 3021 1730 3087 incommode
1784 3022 1993 3087 visum
2052 3025 2153 3085 est

375 3212 480 3283 Ep.
507 3220 553 3282 1,
572 3219 657 3269 45.
698 3215 843 3270 Asia
868 3215 964 3281 sic,
982 3216 1069 3270 uti
1088 3215 1240 3283 (W.).
1296 3215 1386 3282 A„
1405 3215 1572 3270 sicuti
1588 3213 1776 3284 vulgo.
1806 3245 1876 3253 —
1904 3214 2150 3267 exhorta·

231 3283 381 3338 tione
418 3285 558 3352 (112,
594 3285 720 3340 edd.
759 3288 958 3354 vett.)‘?
998 3316 1063 3325 —-
1100 3301 1223 3356 eqo,
1258 3286 1393 3354 quia
1430 3325 1442 3338 .
1466 3327 1513 3339 ..
1553 3289 1603 3338 et
1638 3285 1772 3352 quia
1817 3284 1965 3351 (W.).
2039 3298 2153 3351 eqo,

231 3355 331 3423 qui
369 3396 381 3408 .
405 3397 453 3409 ..
491 3361 542 3410 et
577 3357 713 3426 qwia
746 3356 821 3410 M.
895 3371 1006 3427 eqo,
1042 3357 1140 3424 qui
1302 3360 1352 3410 et
1386 3355 1484 3424 qui
1520 3355 1615 3409 vul
1658 3370 1707 3407 o.
1789 3358 1873 3407 46.
1928 3354 2146 3406 servias.

247 3425 379 3480 Vale
416 3426 557 3495 (Mc,
586 3433 618 3480 2
640 3426 795 3495 Oxx.,
822 3427 926 3494 R.).
1011 3426 1145 3481 Vale
1173 3442 1279 3481 om.
1309 3425 1431 3493 Ml,
1458 3424 1519 3480 B.
1642 3441 1695 3492 p.
1728 3429 1776 3476 2.
1830 3419 2158 3474 FRATRI

232 3494 401 3549 SAL.
441 3496 591 3563 (W.).
665 3496 833 3552 SAL.
872 3513 980 3566 om.
1019 3496 1112 3565 M„
1150 3496 1338 3565 vulgO.

2179 3586 2317 3644 Δ
