2338 3691
755 128 1274 186 EPISTOLARUM
1311 130 1379 185 X.
1420 137 1470 185 4.
1509 136 1556 185 5.
1981 131 2108 195 301
2175 130 2184 139 ’

196 275 454 340 litterae
497 274 952 358 perferrentur.
1039 274 1141 339 Ex
1197 275 1428 359 quibus
1474 276 1614 360 cepi
1669 276 1952 341 fructum
1998 277 2109 342 du-

196 363 431 448 plicem
476 363 761 447 mihique
805 363 877 427 in
923 364 1407 448 comparatione
1452 364 1778 429 difficilem
1823 365 1906 429 ad
1950 365 2111 430 iudi·

194 451 502 535 candum,
555 473 924 518 amoremne
979 473 1135 538 erga
1189 474 1291 518 me
1347 456 1533 518 tuum
1577 474 1663 518 an
1707 453 1994 519 animum
2039 455 2112 518 in

195 562 334 606 rem
397 540 723 624 publicam
784 540 988 625 pluris
1052 540 1524 606 aestimandum
1585 544 1898 626 putarem.
1986 542 2112 607 Est

197 629 1498 803 311111Ῡξῖ11ῖξὲἑζῑέᾷέἐῗὲἑΐ
1513 630 1879 803 13ΐὲῗὲἐέ
1882 653 2111 785 Ἧῖὲῗὲέ

198 806 558 871 suavitatis.
647 806 875 891 Itaque
920 807 1446 874 commemoratio
1490 810 1607 872 tua
1648 812 1957 892 paternae
2002 830 2111 873 ne·

197 895 611 960 cessitudinis
655 895 1268 980 benevolentiaeque
1312 896 1467 981 eius,
1512 918 1707 981 quam
1741 917 1899 983 erga
1932 918 2035 962 me
2072 920 2111 963 a

196 983 479 1068 pueritia
530 985 939 1067 contulisses,
982 988 1465 1068 ceterarumque
1517 1007 1756 1069 rerum,
1812 1008 1975 1070 quae
2029 986 2112 1050 ad

199 1094 345 1137 eam
390 1073 778 1138 sententiam
821 1073 1254 1158 pertinebant,
1297 1073 1735 1138 incredibilem
1779 1075 1941 1139 mihi
1984 1075 2112 1139 lae-

197 1162 415 1226 titiam
459 1162 782 1227 attulerat.
853 1162 1103 1227 Rursus
1138 1162 1488 1227 declaratio
1527 1163 1726 1227 animi
1761 1163 1877 1247 tui,
1921 1184 2113 1248 quem

197 1250 474 1315 haberes
535 1249 616 1314 de
691 1272 760 1315 re
820 1251 1082 1335 publica
1143 1272 1459 1336 quemque
1520 1250 1860 1316 habiturus
1923 1272 2113 1335 esses,

200 1337 363 1403 mihi
407 1341 548 1403 erat
589 1339 1066 1423 iucundissima,
1109 1360 1313 1424 eoque
1358 1340 1564 1405 maior
1609 1342 1748 1404 erat
1780 1339 1942 1404 haec
1984 1340 2111 1404 lae·
2119 1349 2141 1359 “

198 1428 367 1512 titia,
412 1428 585 1511 quod
640 1428 722 1492 ad
773 1428 888 1492 illa
933 1428 1265 1512 superiora
1318 1428 1678 1494 accedebat.
1766 1427 1993 1512 Itaque
2046 1432 2112 1493 te

202 1537 339 1580 non
383 1516 614 1582 hortor
658 1516 885 1599 solum,
927 1517 1019 1581 mi
1054 1516 1309 1601 Plance,
1354 1517 1465 1582 sed
1510 1518 1704 1601 plane
1749 1517 1945 1581 etiam
1980 1538 2114 1601 oro,

204 1604 377 1689 quod
411 1605 592 1669 feci
574 1605 654 1669 113
689 1566 941 1688 litteris,
977 1605 1210 1690 quibus
1246 1610 1320 1670 tu
1354 1606 1815 1670 humanissime
1851 1627 2113 1690 respon-

203 1693 374 1776 disti,
417 1696 494 1758 ut
534 1696 678 1758 tota
722 1697 936 1758 mente
983 1694 1285 1778 omnique
1331 1695 1530 1758 animi
1573 1695 1818 1778 impetu
1863 1695 1935 1759 in
1977 1716 2114 1759 rem

205 1782 534 1868 publicam
559 1782 919 1848 incumbas.
946 1782 1111 1847 nihil
1139 1787 1256 1869 est,
1276 1783 1446 1868 quod
1473 1783 1594 1849 tibi
1620 1783 1850 1849 maiori
1874 1783 2115 1849 fructui

203 1871 577 1957 gloriaeque
623 1892 762 1936 esse
814 1871 1048 1955 possit,
1102 1893 1223 1937 nec
1276 1873 1626 1957 quidquam
1681 1894 1759 1937 ex
1814 1874 2113 1938 omnibus

206 1961 398 2025 rebus
424 1960 726 2025 humanis
755 1965 855 2026 est
878 1961 1269 2045 praeclarius
1307 1964 1422 2026 aut
1454 1962 1888 2045 praestantius
1920 1984 2115 2046 quam

206 2048 285 2113 de
329 2070 400 2113 re
444 2048 707 2132 publica
748 2049 912 2114 bene
958 2049 1207 2115 mereri.
1278 2049 1512 2114 Adhuc
1556 2050 1750 2115 enim
1755 2086 1842 2098 --
1868 2050 2116 2135 patitur

204 2141 322 2202 tua
346 2159 600 2203 summa
625 2137 997 2203 humanitas
1026 2142 1093 2202 et
1120 2138 1439 2223 sapientia
1464 2160 1585 2221 me,
1621 2138 1794 2223 quod
1821 2139 2116 2239 sentiam,

205 2226 406 2291 libere
434 2225 755 2291 dicere—
780 2226 1049 2291 fortuna
1083 2227 1481 2313 suffragante
1517 2190 1753 2292 videris
1788 2249 1890 2292 res
1918 2228 2114 2292 maxi·

205 2336 346 2380 mas
390 2317 801 2399 consecutus,
854 2315 1027 2400 quod
1072 2337 1267 2400 quam
1309 2338 1463 2380 uam
1516 2317 1654 2381 sinc
1698 2316 1937 2382 virtute
1982 2337 2117 2388 non

205 2403 546 2488 potuisses,
562 2406 782 2468 tamen
809 2425 888 2468 ex
912 2404 1195 2469 maxima
1219 2427 1263 2488 p
1430 2425 1524 2489 ea,
1541 2426 1706 2489 quae
1732 2425 1801 2469 es
1829 2405 2117 2489 adeptus,

206 2492 510 2557 fortunae
556 2492 1083 2577 temporibusque
1126 2493 1525 2558 tribuuntur:
1570 2493 1674 2558 his
1718 2494 2116 2579 temporibus

205 2579 602 2645 difficillimis
646 2582 739 2645 rei
782 2581 1078 2665 publicae
1114 2582 1422 2666 quidquid
1459 2583 1849 2667 subveneris,
1890 2582 1958 2646 id
1996 2582 2119 2647 erit

203 2672 419 2734 totum
448 2672 516 2733 et
539 2670 873 2754 proprium
898 2673 1102 2735 tuum.
1174 2670 1554 2736 Incredibile
1591 2674 1691 2735 est
1719 2671 2006 2736 omnium
2033 2670 2117 2733 ci·

206 2758 384 2822 vium
410 2757 773 2822 latronibus
801 2760 1082 2843 exceptis
1111 2759 1328 2823 odium
1367 2760 1437 2823 in
1466 2759 1843 2842 Antonium,
1878 2779 2118 2843 magna

206 2867 356 2931 spes
409 2846 483 2911 in
524 2849 591 2910 te
646 2850 712 2911 et
753 2846 826 2911 in
877 2850 992 2912 tuo
1048 2848 1357 2932 exercitu,
1414 2869 1654 2935 magna
1708 2847 2118 2931 exspectatio,

204 2935 415 3018 cuius,
477 2955 595 3019 per
657 2935 835 3001 deos!
901 2937 1148 3022 gratiae
1213 2936 1581 3022 gloriaeque
1647 2957 1800 3001 cave
1861 2940 2117 3020 tempus

206 3024 489 3088 amittas.
580 3022 685 3089 Sic
729 3046 962 3091 moneo
1007 3029 1084 3090 ut
1127 3025 1357 3109 filium,
1403 3026 1496 3090 sic
1540 3025 1778 3090 suadeo
1823 3028 1899 3088 ut
1940 3024 2118 3110 mihi,

204 3112 299 3177 sic
343 3111 575 3178 hortor
618 3115 694 3177 ut
737 3116 804 3178 et
846 3135 965 3198 pro
1009 3114 1224 3199 patria
1267 3118 1335 3179 et
1377 3114 1853 3179 amicissimum.

346 3267 452 3339 Ep.
482 3273 533 3337 5,
564 3275 612 3324 1.
675 3270 823 3339 perf.
895 3270 995 3325 Ex
1029 3272 1228 3341 quibus
1262 3271 1452 3342 vulgo.
1525 3287 1710 3340 12„ae
1744 3287 1795 3340 q.
1831 3270 1896 3324 B.
1932 3300 2000 3310 -—
2038 3276 2119 3325 at·

199 3339 1515 3556 fflogniafasstuzfimffigofmssossmz
1532 3342 1669 3479 43⁸⁰?
1677 3340 2119 3465 {wmffl

369 3497 430 3536 er
584 3498 714 3538 aveo
