2338 3691
735 166 1257 225 EPISTOLARUM
1293 169 1414 225 V11.
1452 176 1677 226 24—26.
2033 171 2166 235 219

242 332 560 396 unguem,
616 312 789 397 quod
844 313 1053 399 aiunt,
1108 336 1148 378 a
1202 314 1381 397 sti103
1433 314 1490 380 is
1544 315 1717 379 enim
1771 318 1871 379 est
1914 315 2168 381 dicendi

243 400 490 485 opifex3
538 403 732 485 atque
778 402 1073 486 equidem
1109 402 1516 486 aliquantum
1548 403 1681 469 iam
1717 403 1913 470 etiam
1955 404 2167 472 noctis

245 509 527 556 assumo.

1084 683 1327 753 XXVI.

714 795 829 855 Ser.
865 796 928 852 in
963 797 1283 854 Tusculano
1319 813 1371 852 a.
1408 814 1464 851 u.
1502 812 1549 852 c.
1585 803 1707 854 697.

829 919 1088 978 CICERO
1126 921 1181 977 S.
1219 921 1288 977 D.
1326 919 1584 977 GALLO.

387 1018 601 1097 Quum
647 1021 962 1087 decimum
1007 1022 1138 1087 iam
1185 1022 1356 1086 diem
1401 1022 1686 1107 graviter
1729 1042 1807 1087 ex
1839 1020 2168 1088 intestinis

246 1109 615 1175 laborarem
670 1131 880 1195 neque
933 1111 1041 1195 iis,
1100 1111 1212 1196 qui
1256 1131 1401 1176 mea
1455 1132 1653 1195 opera
1702 1110 1802 1176 uti
1845 1111 2169 1196 volebant,

247 1220 358 1263 me
393 1199 736 1284 probarem
770 1221 907 1265 non
942 1199 1174 1284 valere,
1219 1200 1371 1284 quia
1404 1199 1638 1264 febrim
1673 1220 1811 1264 non
1846 1197 2169 1284 haberem,

247 1287 398 1374 fugi
442 1288 513 1352 in
548 1287 1003 1372 Tusculanum,
1049 1309 1248 1374 quum
1286 1288 1544 1374 quidem
1579 1286 1848 1352 biduum
1886 1287 1980 1350 ita
2013 1287 2169 1352 ieiu-

247 1398 380 1441 nus
425 1376 710 1462 fuissem,
752 1381 829 1444 ut
862 1398 946 1442 ne
984 1398 1220 1463 aquam
1258 1378 1515 1461 quidem
1553 1379 1905 1463 gustarem·
1950 1375 2169 1459 itaque

249 1465 589 1531 confectus
641 1468 956 1552 languore
1011 1470 1078 1532 et
1137 1467 1311 1531 fame
1364 1467 1582 1568 ’magis
1634 1468 1821 1530 tuum
1885 1462 2164 1529 officium

249 1553 638 1640 desideravi,
696 1577 888 1640 quam
948 1577 989 1621 a
1030 1558 1098 1620 te
1142 1555 1382 1640 requiri
1425 1554 1650 1640 putavi
1701 1573 1935 1618 meum.
2023 1552 2169 1639 Ego

251 1645 474 1708 autem
513 1665 717 1728 quum
762 1666 987 1710 omnes
1031 1644 1295 1712 morbos
1330 1643 1698 1727 reformid0,
1740 1646 1882 1708 tum
1925 1642 1997 1707 in
2041 1663 2170 1726 quo

249 1730 612 1817 Epicurum
662 1737 850 1800 tuum
905 1731 1106 1799 Stoici
1157 1733 1326 1797 male
1381 1732 1731 1839 accipiunt,
1795 1730 1947 1816 quia
2000 1730 2173 1797 dicat

254 1816 759 1902 στραγγουρικὰ
805 1817 919 1884 καὶ
974 1815 1417 1901 δυσεντερικὰ
1475 1816 1660 1902 πάθη
1714 1819 1839 1887 sibi
1899 1819 2173 1886 molesta

253 1930 427 1993 esse,
481 1931 752 1995 quorum
806 1911 1085 1976 alterum
1137 1911 1438 1975 morbum
1483 1909 1818 1976 edacitatis
1873 1931 2012 1976 esse
2056 1933 2173 1995 pu-

251 2001 423 2083 tant,
471 2000 744 2065 alterum
789 2000 987 2066 etiam
1029 1999 1338 2084 turpioris
1374 1999 1929 2083 intemperantiae.
2003 1997 2172 2064 Sane

252 2084 701 2168 δυσεντερίαν
759 2089 1247 2173 pertimueram3
1312 2088 1423 2153 sed
1486 2088 1624 2152 visa
1686 2091 1787 2152 est
1848 2087 2009 2152 mihi
2069 2089 2174 2152 vel

248 2174 384 2240 loci
428 2177 702 2242 mutatio
747 2177 853 2244 vel
897 2177 1098 2242 animi
1133 2177 1332 2242 etiam
1366 2176 1677 2241 relaxatio
1714 2175 1819 2241 vel
1855 2176 1999 2260 ipsa
2042 2174 2171 2241 for-

249 2267 433 2328 tasse
476 2264 616 2329 iam'
652 2266 1047 2332 senescentis
1093 2265 1304 2331 morbi
1339 2265 1633 2331 remissio
1670 2264 2010 2350 profuisse.
2072 2263 2173 2329 Ac

249 2356 507 2437 tamen,
559 2376 643 2419 ne
697 2355 954 2439 mirere,
1016 2354 1189 2419 unde
1243 2354 1369 2420 hoc
1414 2353 1717 2419 acciderit
1771 2353 2173 2437 quomodove

250 2442 703 2528 commiserim,
747 2444 851 2509 lex
897 2444 1316 2528 sumptuaria,
1361 2464 1525 2528 quae
1565 2442 1821 2507 videtur
1865 2439 2173 2521 λιτότητα

250 2530 579 2615 attulisse,
632 2553 710 2597 ea
770 2532 934 2597 mihi
984 2531 1201 2597 fraudi
1254 2531 1397 2597 fuit.
1485 2529 1684 2615 Nam,
1739 2531 1893 2596 dum
1945 2530 2175 2594 volunt

249 2618 369 2683 isti
423 2618 585 2684 lauti
635 2623 810 2686 terra
863 2625 1046 2704 nata,
1110 2642 1275 2703 quae
1335 2619 1479 2706 lege
1543 2623 1809 2704 excepta
1862 2620 2041 2702 sunt,
2103 2617 2174 2681 in

249 2708 574 2773 honorem
620 2708 954 2794 adducere,
996 2709 1258 2795 fungos,
1292 2708 1622 2793 heluellas,
1666 2707 1901 2772 herbas
1948 2726 2172 2771 omnes

250 2796 352 2860 ita
409 2796 746 2883 condiunt,
798 2802 874 2863 ut
926 2797 1091 2863 nihil
1144 2797 1355 2882 possit
1407 2818 1545 2863 esse
1601 2797 1885 2862 suavius.
1939 2795 2010 2858 in
2065 2814 2173 2858 eas

251 2906 461 2968 quum
503 2884 870 2952 incidissem
913 2887 986 2952 in
1031 2906 1234 2952 coena
1270 2885 1567 2972 augurali
1602 2885 1773 2969 apud
1809 2881 2174 2985 Lentulum,

250 2976 447 3037 tanta
498 2995 601 3039 me
656 2971 968 3055 διάρροια
1023 2975 1323 3060 arripuit,
1376 2977 1453 3039 ut
1503 2973 1695 3039 hodie
1749 2972 2029 3056 primum
2081 2970 2172 3035 vi-

251 3061 488 3126 deatur
532 3062 817 3147 coepisse
863 3064 1232 3129 consistere.
1303 3027 1409 3129 'Ita
1453 3083 1594 3149 ege,
1641 3062 1752 3145 qui
1795 3081 1897 3125 me
1945 3059 2171 3124 ostreis

251 3153 325 3214 et
369 3152 695 3216 muraenis
738 3150 928 3216 facile
983 3152 1415 3237 abstinebam,
1470 3173 1510 3215 a
1553 3150 1705 3215 beta
1759 3153 1826 3213 et
1877 3169 1918 3213 a
1959 3148 2172 3213 malva

254 3238 563 3323 deceptus
609 3261 781 3325 sum3
825 3241 1098 3325 posthac
1142 3241 1344 3327 igitur
1390 3240 1626 3305 erimus
1674 3238 2008 3302 cautiores.
2072 3234 2172 3299 Tu

252 3331 498 3413 tamen,
542 3350 741 3414 quum
786 3329 1073 3395 audisses
1121 3329 1204 3393 ab
1249 3327 1482 3392 Anicio
1522 3362 1607 3373 —
1646 3324 1808 3388 vidit
1852 3324 2023 3388 enim
2067 3340 2170 3384 me

255 3421 683 3485 nauseantem
709 3455 817 3504 --,
858 3440 997 3485 non
1041 3415 1235 3481 modo
1280 3414 1589 3479 mittendi
1629 3433 1889 3476 causam
1933 3409 2170 3471 iustam

255 3503 562 3589 habuisti,
607 3507 719 3573 sed
764 3507 962 3573 etiam
995 3503 1273 3571 visendi.
1319 3523 1441 3589 ego
1478 3500 1586 3563 hie
1630 3498 1844 3612 cogito
1892 3509 2168 3555 commo-

2238 3613 2280 3641 Δ
