2338 3691
731 136 1254 194 EPISTOLARUM
1291 134 1412 192 XV.
1454 144 1609 193 2-4,
1996 137 2127 201 505

190 306 582 369 possumus,
637 306 713 349 ea
767 284 1262 348 mansuetudine
1318 286 1383 348 et
1427 282 1827 348 continentia
1884 285 2127 367 nostra,

192 374 532 438 sociorum
569 372 880 437 fidelitate
917 375 1230 437 tueamur.
1305 370 1403 435 Tu
1431 372 1640 456 velim,
1675 374 1750 436 ut
1786 370 2127 457 consuesti,

190 482 317 527 nos
367 461 688 527 absentes
735 459 965 547 diligas
1013 464 1078 524 et
1123 459 1447 525 defendas,

1108 654 1224 719 IV.

193 766 315 821 Scr.
355 767 421 821 in
462 765 673 822 Cilicia
707 783 897 822 mense
932 766 1061 821 Dec.
1103 769 1255 848 (post
1291 766 1411 820 XII.
1440 765 1563 819 Kal.
1592 766 1729 835 Ian.)
1767 782 1817 821 a.
1845 784 1900 821 u.
1929 780 1975 820 c.
2008 771 2126 821 703.

569 891 645 946 M.
683 888 938 945 CICERO
976 890 1122 944 IMP.
1161 890 1216 945 S.
1253 889 1320 944 D.
1356 890 1432 944 M.
1470 888 1757 944 CATONI.

337 988 617 1056 Summa
689 994 805 1055 tua
868 991 1219 1055 auctoritas
1281 990 1439 1053 fecit
1500 1010 1837 1074 meumque
1906 1011 2125 1073 perpe-

199 1082 396 1143 tuum
455 1080 541 1143 de
592 1083 708 1143 tua
754 1079 1067 1163 singulari
1112 1079 1351 1143 virtute
1396 1078 1726 1161 iudicium,
1780 1081 1855 1141 ut
1907 1079 2128 1179 magni

203 1187 354 1230 mea
400 1168 719 1231 interesse
765 1170 1060 1251 putarem
1106 1171 1173 1230 et
1216 1188 1317 1230 166
1365 1187 1471 1230 eas
1488 1217 1507 1251 ,
1562 1187 1721 1249 quas
1768 1166 2130 1249 gessissem,

203 1254 330 1319 tibi
377 1260 576 1321 notas
624 1276 761 1320 esse
809 1259 874 1319 et
917 1275 1052 1320 non
1095 1255 1386 1339 ignorari
1433 1277 1471 1318 a
1514 1258 1598 1337 te,
1644 1275 1770 1337 qua
1809 1254 2129 1338 aequitate

206 1347 274 1407 et
321 1337 733 1408 continentia
777 1346 991 1407 tuerer
1037 1345 1247 1408 socios
1291 1342 1815 1426 provinciamque
1863 1342 2129 1406 admini-

206 1435 487 1515 starem3
529 1432 609 1496 iis
647 1432 818 1496 enim
856 1454 894 1494 a
930 1435 994 1495 te
1024 1431 1303 1516 cognitis
1340 1430 1699 1495 arbitrabar
1734 1430 1986 1495 facilius
2027 1451 2129 1494 me

205 1520 357 1605 tibi,
415 1542 583 1603 quae
637 1521 893 1604 vellem,
946 1519 1386 1603 probaturum.
1485 1518 1697 1595 Quum
1750 1518 1821 1582 in
1874 1518 2129 1602 provin-

210 1608 380 1672 ciam
431 1631 527 1693 p.r
563 1607 643 1673 K.
683 1606 852 1673 Sext.
899 1608 1215 1672 venissem
1261 1611 1328 1671 et
1370 1611 1633 1692 propter
1678 1607 1833 1671 anni
1876 1611 2131 1691 tempus

210 1696 296 1761 ad
338 1697 732 1761 exercitum-
743 1695 903 1760 mihi
947 1696 1289 1761 confestim
1330 1717 1467 1759 esse
1505 1695 1785 1760 eundum
1830 1695 2131 1779 viderem,

211 1783 491 1850 biduum
526 1783 881 1850 Laodiceae
916 1784 1032 1869 fui,
1073 1784 1301 1849 deinde
1340 1782 1665 1868 Apameae
1703 1783 2133 1869 quatriduum,

213 1874 510 1939 triduum
554 1872 905 1958 SynnadiS,
957 1873 1229 1938 totidem
1275 1871 1409 1937 dies
1454 1872 1842 1937 Philomelii.
1899 1873 2131 1956 quibus

216 1961 290 2025 in
336 1962 592 2047 oppidis
639 1983 837 2046 quum
881 1962 1102 2046 magni
1149 1964 1503 2026 conventus
1547 1961 1850 2045 fuissent,
1894 1962 2131 2026 multas

219 2050 515 2115 civitates
562 2049 986 2114 acerbissimis
1041 2051 1300 2114 tributis
1356 2053 1421 2114 et
1474 2050 1867 2134 gravissimis
1920 2051 2132 2114 usuris

221 2141 289 2200 et
345 2137 514 2203 falso
571 2160 718 2202 aere
782 2139 991 2202 alieno
1056 2138 1338 2202 liberavi.
1430 2137 1764 2222 Quumque
1820 2140 1969 2202 ante
2026 2138 2132 2200 ad-

222 2229 492 2289 ventum
562 2246 776 2290 meum
846 2226 1160 2293 ,seditione
1230 2226 1507 2309 quadam
1579 2226 1891 2289 exercitus
1966 2228 2135 2289 esset

225 2311 602 2396 dissipatuS,
657 2315 934 2398 quinque
990 2315 1286 2379 cohortes
1342 2314 1480 2377 sine
1533 2314 1775 2398 legato,
1830 2312 1969 2377 sine
2021 2314 2132 2377 tri·

223 2400 402 2467 buno
458 2402 761 2485 militum,
815 2403 1089 2486 denique
1145 2403 1342 2466 etiam
1395 2402 1534 2465 sine
1582 2401 1953 2466 centurione
2000 2402 2132 2467 ullo

225 2489 397 2574 apud
452 2489 904 2555 Philomelium
959 2490 1426 2573 consedissent,
1483 2490 1766 2574 reliquus
1821 2490 2134 2554 exercitus

225 2581 400 2642 esset
451 2578 522 2642 in
575 2578 930 2663 Lycaonia,
983 2578 1070 2643 M.
1115 2577 1373 2643 Anneio
1420 2578 1634 2663 legato
1680 2579 2017 2662 imperavi,
2063 2581 2137 2641 ut

227 2687 336 2730 eas
382 2667 663 2750 quinque
729 2668 1025 2732 cohortes
1089 2666 1171 2730 ad
1232 2666 1547 2750 reliquum
1612 2667 1958 2730 exercitum
2008 2666 2156 2730 ·du·ss

226 2758 399 2818 ceret
442 2758 791 2838 coactoque
844 2756 915 2818 in
961 2776 1163 2819 unum
1218 2756 1428 2819 locum
1476 2755 1754 2819 exercitu
1811 2758 2021 2818 castra
2066 2754 2136 2816 in

226 2841 552 2926 Lycaonia
607 2843 779 2926 apud
829 2842 1124 2908 Iconium
1188 2843 1444 2908 faceret.
1549 2841 1737 2918 Quod
1794 2863 1990 2925 quum
2050 2840 2131 2905 ab
2174 2857 2206 2905 3

224 2931 339 2995 illo
387 2931 730 3016 diligenter
776 2935 944 2995 esset
987 2935 1228 3014 actum,
1275 2951 1395 3016 ego
1440 2932 1511 2995 in
1558 2934 1769 2995 castra
1815 2952 1869 2993 a.
1917 2929 1974 2993 d.
2020 2946 2134 2993 vn.

225 3018 304 3082 K.
345 3017 516 3103 Sept.
562 3019 730 3102 veni,
769 3028 973 3104 'quum
1016 3020 1265 3084 interea
1311 3019 1744 3102 superioribus
1790 3018 2012 3082 diebus
2059 3039 2136 3080 ex

228 3111 489 3172 senatus
535 3108 831 3173 consulto
887 3110 953 3171 et
996 3111 1407 3173 evocatorum
1460 3107 1708 3170 firmam
1762 3127 2025 3170 manum
2072 3109 2139 3169 et

359 3262 469 3344 Ep.
499 3270 549 3332 3,
573 3269 623 3318 2.
679 3269 930 3319 tueamur
966 3264 1040 3331 (N
1040 3281 1223 3331 6111116
1258 3263 1417 3318 cuius
1454 3263 1576 3318 cdd.
1613 3263 1821 3332 partim
1848 3267 2138 3316 tumamur

225 3332 434 3415 partim
470 3337 786 3404 teneamur).
859 3340 1094 3390 tenemus
1130 3335 1203 3389 M.
1286 3339 1559 3388 teneamus
1595 3332 1781 3402 vulgo.
1862 3331 1966 3400 Ep.
2006 3337 2056 3396 4,
2085 3335 2134 3381 2.

225 3421 290 3458 m
333 3420 506 3459 unum
543 3405 718 3460 locum
768 3405 881 3474 (M,
918 3405 1128 3476 vulgo)
1219 3406 1284 3459 in
1320 3420 1490 3458 unum
1540 3402 1703 3470 Non„
1741 3400 1802 3455 B.
1894 3408 1943 3454 3.
2009 3401 2137 3452 esset

221 3475 434 3544 factum
471 3475 576 3543 (cd.
613 3474 729 3530 Erf.
731 3479 788 3546 )·?

2191 3580 2311 3634 Λ
