2338 3691
826 636 1493 714 PRAEFATIO.

1057 825 1258 839 m

369 983 840 1068 conscribenti
873 997 1036 1062 mihi
1061 995 1317 1062 XXXII
1354 995 1590 1061 abhinc
1618 1016 1823 1061 annos
1850 993 2121 1078 „Emen-

195 1103 483 1169 dationes
511 1103 601 1169 M
624 1103 818 1168 Tullii
846 1100 1174 1168 Ciceronis
1202 1100 1691 1186 Epistolarum“
1716 1100 2122 1185 propositum

191 1213 356 1293 erat,
393 1210 450 1274 si
485 1210 679 1275 modo
709 1212 880 1274 esset
903 1208 1132 1293 peritis
1161 1206 1709 1272 existimatoribus
1735 1227 1881 1270 mea
1908 1225 2121 1270 emen-

192 1313 391 1378 dandi
430 1315 598 1380 ratio
642 1314 944 1400 probata,
1000 1316 1114 1378 aut
1168 1313 1385 1397 ipsum
1429 1334 1538 1379 eas
1583 1312 1890 1396 epistolas
1937 1311 2121 1375 edere

194 1422 312 1482 aut
355 1422 549 1503 certe,
603 1420 778 1506 quod
831 1419 904 1483 in
948 1421 1092 1484 octo
1137 1418 1463 1502 prioribus
1508 1417 1692 1483 libris
1739 1417 1821 1481 ad
1865 1415 2121 1501 „Fami-

197 1521 438 1586 liares“
468 1523 786 1606 fecissem,
830 1527 906 1588 ut
939 1524 1237 1609 graviora
1275 1523 1494 1589 omnia
1529 1522 1926 1608 certioraque
1963 1522 2122 1587 vitia

196 1627 511 1712 corrigere
549 1650 844 1712 conarer,
889 1629 1061 1693 idem
1100 1629 1174 1693 in
1218 1630 1447 1695 ceteris
1486 1628 1786 1694 omnibus
1831 1627 2120 1712 epistolis

200 1728 495 1817 (quarum
531 1735 664 1800 iam
707 1736 853 1818 plus
891 1732 1052 1800 OOC
1088 1735 1264 1799 locos
1300 1734 1372 1799 in
1416 1734 1529 1815 illo
1564 1734 1783 1799 libello
1818 1731 2120 1816 tractavi)

196 1837 597 1905 scholasticis
689 1841 935 1926 aliquot
1023 1862 1215 1906 usum
1300 1839 1800 1934 programmatis
1894 1838 2120 1905 facere.

194 1941 449 2009 Conatu
484 1966 628 2010 meo
664 1949 731 2010 et
764 1946 1164 2012 nostratibus
1200 1949 1267 2010 et
1293 1944 1633 2017 Germanis
1668 1946 1878 2031 magis
1906 1945 2121 2029 etiam,

198 2071 391 2133 quam
454 2070 884 2135 speraveram,
944 2051 1223 2136 probato
1284 2054 1505 2117 tamen
1569 2052 1653 2117 ad
1715 2051 1843 2116 alia
1908 2051 2120 2116 studia

200 2174 542 2220 conversus
583 2158 686 2221 tot
727 2156 914 2221 annis
958 2160 1264 2221 neutrum
1315 2156 1620 2240 feceram,
1677 2178 1876 2242 quum
1931 2157 2119 2222 annis

203 2276 786 2327 moechm—vn
829 2263 1071 2346 prodiit
1103 2263 1177 2327 in
1205 2262 1550 2347 ‘publicum
1576 2261 1823 2327 Baiteri
1858 2262 2118 2347 Episto-

207 2363 399 2429 arum
445 2364 664 2430 editio,
747 2366 814 2433 Is
859 2367 1101 2451 optime
1144 2368 1254 2432 ille
1301 2368 1558 2452 quidem
1603 2367 1681 2432 de
1725 2368 1811 2433 iis·
1852 2362 2119 2432 meritus

218 2471 305 2530 st
360 2492 554 2552 quum
612 2474 960 2557 permulta,
1028 2494 1192 2559 quae
1256 2472 1603 2539 Orelliana.
1654 2473 1849 2539 editio
1914 2474 2119 2538 altera

214 2577 504 2657 orrupta
526 2577 886 2668 reliquerat,
911 2579 1151 2663 partim
1177 2600 1259 2643 ex
1284 2578 1610 2645 codicibus
1637 2601 1835 2645 manu
1863 2579 2117 2664 scriptis

212 2679 431 2745 ›artim
493 2702 571 2746 ex
632 2683 1016 2749 coniecturis
1087 2685 1191 2750 vel
1262 2684 1397 2750 suis
1460 2682 1631 2770 (non
1692 2684 1949 2770 multis)
2017 2685 2120 2750 vel

212 2784 461 2852 morum
506 2787 936 2871 emendand0‚
986 2792 1128 2854 tum
1183 2790 1732 2858 accuratissimam
1784 2791 2117 2876 utriusque

213 2889 425 2956 odicis
479 2890 754 2958 Medicei
808 2893 1221 2960 collationem
1265 2898 1474 2961 totam
1518 2896 1939 2982 divulgand03
2005 2898 2117 2963 sed

214 2994 376 3077 nihi,
430 2997 612 3063 cuius
657 3001 881 3064 tamen
926 3000 1407 3066 emendationes
1451 3002 1586 3066 fere
1634 3023 1856 3067 omnes
1901 3004 2002 3068 vel
2046 3003 2118 3067 in

184 3103 437 3165 extum
480 3107 811 3187 receperat
852 3106 957 3170 vel
998 3105 1072 3171 in
1117 3106 1539 3172 annotatione
1581 3105 1804 3173 critica
1838 3129 2114 3174 comme-

217 3211 578 3292 moraverat,
639 3230 773 3274 non
827 3210 1164 3295 satisfecit3
1232 3233 1433 3296 quum
1483 3212 1613 3278 alia
1675 3213 1849 3280 enim
1912 3215 2116 3279 multa

186 3309 348 3375 nihi
392 3332 624 3394 parum
648 3317 820 3379 recte
864 3314 1094 3382 fecisse
1129 3316 1409 3401 videtur,
1452 3321 1594 3383 tum
1619 3319 1897 3383 maxime
1943 3319 2114 3404 quod

182 3415 392 3480 multo
429 3418 713 3502 saepius,
757 3443 951 3506 quam
993 3444 1114 3506 par
1148 3425 1314 3506 erat,
1357 3423 1782 3507 interpolatos
1818 3425 2112 3487 meliores
