2338 3691
240 125 327 192 90
416 128 489 183 M.
529 128 775 183 TULLII
812 123 1192 183 CICERONIS
1228 122 1747 181 EPISTOLARUM
1783 126 1875 180 III.
1920 131 2005 179 13.

1101 339 1282 407 XIII.

495 451 611 511 Ser.
649 454 710 509 iu
745 454 893 513 Asia.
916 470 1105 510 meuse
1146 453 1464 525 Septembri
1502 469 1550 508 a.
1588 472 1642 508 u.
1680 469 1727 508 c.
1769 457 1889 511 704.

692 579 778 632 M.
817 576 1073 633 CICERO
1112 579 1225 634 ΑΡ.
1266 577 1600 634 PULCHRO
1641 576 1694 633 S.

178 690 201 739 1
377 678 577 755 Quasi
640 678 993 743 divinarem
1055 679 1174 744 tali
1235 679 1305 745 in
1360 677 1572 743 officio
1626 677 1766 743 fore
1819 676 1982 743 mihi
2035 678 2151 742 ali·

242 767 500 852 quando
556 766 982 851 expetendum
1039 766 1323 832 studium
1376 770 1588 850 tuum,
1645 766 1762 851 sic,
1815 788 2014 850 quum
2070 767 2149 830 de

241 857 370 921 tuis
415 857 607 921 rebus
654 856 853 942 gestis
900 856 1230 941 agebatur,
1275 855 1701 921 inserviebam
1736 855 1970 920 honori
2006 858 2149 939 tu03

243 945 451 1009 dicam
486 947 705 1009 tamen
740 966 913 1009 vere:
957 945 1123 1029 pluS,
1169 966 1362 1030 quam
1399 965 1755 1029 acceperas,
1789 943 2150 1028 reddidisti3

243 1034 385 1117 quis
446 1034 619 1097 enim
680 1032 762 1098 ad
825 1053 927 1097 mc
988 1055 1124 1098 non
1187 1033 1561 1118 perscripsit
1621 1036 1685 1097 te
1739 1054 1874 1098 non
1937 1033 2147 1097 solum

242 1122 650 1204 auctoritate,
714 1121 1030 1204 oratione,
1085 1122 1406 1187 sententia
1458 1124 1600 1207 tua,
1654 1121 1885 1206 quibus
1940 1142 2061 1207 ego
2109 1143 2148 1185 a

241 1211 359 1275 tali
402 1211 541 1276 viro
588 1213 931 1276 contentus
978 1232 1175 1294 eram,
1217 1210 1328 1275 sed
1374 1210 1569 1275 etiam
1617 1232 1813 1295 opera
1858 1210 2146 1294 consili0‚

244 1300 504 1365 domum
566 1300 881 1365 veniendo
946 1298 1400 1365 conveniendis
1463 1299 1623 1363 meis
1677 1300 1927 1364 nullum
1981 1320 2147 1363 onus

245 1389 441 1454 officii
486 1388 784 1473 cuiquam
838 1388 1152 1472 reliquum
1207 1386 1478 1453 fecisse?
1568 1386 1747 1452 Haec
1799 1387 1959 1451 mihi
2014 1409 2146 1452 am·

243 1478 450 1562 pliora
484 1479 689 1543 multo
728 1479 879 1542 sunt
915 1498 1108 1560 quam
1143 1476 1257 1541 illa
1291 1476 1450 1560 ipsa,
1486 1478 1749 1560 propter
1788 1497 1949 1560 quae
1985 1475 2148 1540 haec

239 1566 646 1648 laborantur3
690 1565 973 1650 insignia
1018 1565 1190 1629 enim
1235 1564 1491 1630 virtutis
1532 1564 1721 1629 multi
1767 1565 1961 1629 etiam
2007 1564 2146 1629 sine

243 1654 480 1718 virtute
527 1653 803 1717 assecuti
849 1655 1026 1737 sunt,
1078 1653 1308 1718 talium
1361 1652 1647 1718 virorum
1700 1656 1888 1717 tanta
1933 1652 2148 1718 studia

174 1752 206 1801 2
244 1742 499 1825 assequi
562 1741 701 1806 sola
762 1741 965 1805 virtus
1018 1744 1251 1825 potest.
1338 1740 1567 1826 Itaque
1629 1742 1790 1806 mihi
1851 1763 2146 1826 propono

242 1830 523 1896 fructum
587 1828 905 1894 amicitiae
967 1833 1229 1896 nostrae
1300 1830 1511 1915 ipsam
1574 1830 1947 1916 amicitiam,
2021 1854 2148 1917 qua

244 1919 406 1984 nihil
452 1921 551 1985 est
593 1917 853 1986 uberius
862 1968 889 2002 ,.
932 1919 1309 2002 praesertim
1363 1920 1435 1984 in
1475 1919 1556 1984 iis
1603 1920 1858 2004 studiis,
1914 1921 2147 2005 quibus

244 2011 510 2092 uterque
564 2010 859 2074 nostrum
905 2007 1239 2073 devinctus
1286 2011 1409 2091 est3
1464 2029 1618 2072 nam
1669 2008 1791 2073 tibi
1844 2030 1947 2072 me
2000 2032 2146 2093 pro-

242 2097 430 2162 fiteor
475 2099 541 2160 et
582 2096 654 2161 in
697 2118 765 2160 re
810 2095 1069 2181 publica
1114 2096 1385 2180 socium,
1440 2096 1518 2160 de
1565 2118 1693 2181 qua
1735 2097 1905 2162 idem
1953 2099 2147 2163 senti-

245 2207 415 2268 mus,
470 2188 536 2249 et
587 2185 659 2251 in
704 2185 1077 2268 quotidiana
1131 2185 1265 2250 vita
1309 2184 1751 2271 coniunctum,
1806 2208 1999 2270 quam
2044 2187 2147 2252 his

246 2273 490 2339 artibus
537 2274 890 2358 studiisque
937 2274 1225 2339 colimus.
1305 2272 1558 2339 Vellem
1602 2274 1696 2339 ita
1739 2275 2003 2340 fortuna
2048 2279 2145 2341 tu-

243 2363 453 2445 lisset,
503 2366 603 2447 ut,
667 2362 893 2447 quanti
948 2383 1068 2448 ego
1126 2382 1349 2428 omnes
1401 2365 1550 2427 tuos
1603 2363 1771 2428 facio
1780 2414 1799 2448 ,
1852 2364 2022 2429 tanti
2075 2368 2149 2430 tu

245 2471 423 2516 meos
466 2450 677 2515 facere
721 2472 971 2535 possesse,
1018 2451 1189 2534 quod
1233 2454 1455 2516 tamen
1497 2452 1712 2535 ipsum
1755 2453 1972 2518 nescio
2020 2475 2150 2538 qua

244 2542 575 2624 permotus
620 2539 821 2603 animi
865 2539 1260 2605 divinatione
1304 2561 1440 2605 non
1485 2540 1770 2625 despero.
1854 2539 1979 2606 Sed
2023 2542 2151 2608 hoc

244 2627 410 2693 nihil
472 2626 554 2692 ad
616 2630 707 2710 te3
769 2631 1064 2693 nostrum
1127 2631 1227 2693 est
1290 2650 1471 2694 onus.
1568 2628 1754 2696 Illud
1799 2630 1993 2695 velim
2058 2631 2150 2697 sic

244 2717 505 2800 habeaS,
551 2715 722 2800 quod
765 2716 1107 2802 intelligeS,
1151 2717 1275 2781 hac
1319 2739 1388 2782 re
1433 2718 1674 2784 novata
1701 2717 1991 2783 additum
2035 2742 2150 2804 po-

243 2805 374 2870 tius
429 2804 669 2890 aliquid
723 2803 805 2869 ad
849 2826 1063 2870 meum
1116 2826 1272 2891 erga
1323 2809 1390 2870 te
1446 2807 1754 2891 studium,
1800 2829 1927 2892 quo
1983 2809 2149 2873 nihil

245 2893 582 2958 videbatur
635 2893 783 2957 addi
827 2915 1043 2978 posse,
1096 2916 1291 2979 quam
1345 2895 1693 2980 quidquam
1746 2917 1886 2962 esse
1940 2896 2150 2963 detra
2175 2920 2184 2925 ·

247 2983 436 3046 ctum.
510 2981 721 3058 Quum
757 2981 916 3047 haec
954 2982 1329 3068 scribebam,
1374 3005 1704 3050 censorem
1739 2984 1868 3050 iam
1905 2989 1971 3050 te
2009 3007 2150 3053 esse

247 3069 610 3152 sperabam.
667 3093 742 3137 eo
796 3071 1051 3138 brevior
1104 3076 1205 3137 est
1258 3071 1532 3156 epistola
1577 3077 1668 3159 et,
1722 3076 1797 3139 ut
1841 3073 2150 3142 adversus

245 3155 627 3241 magistrum
671 3179 940 3244 morum,
983 3160 1349 3226 modestior.

377 3310 488 3392 Ep.
531 3317 693 3379 13,1.
750 3316 1095 3383 auctoritate,
1139 3317 1410 3384 oratione,
1454 3321 1585 3373 sent.
1625 3317 1852 3387 (Geron.)
1935 3335 1987 3373 α.
2028 3335 2151 3376 ora·

157 3417 163 3422 -
247 3379 413 3436 tionis
447 3394 490 3435 8.
527 3380 618 3449 Μ.,
656 3381 718 3436 Β.
793 3389 841 3437 2.
879 3356 1162 3456 intelli-dee,
1196 3388 1300 3442 hac
1337 3357 1487 3458 (ἄκη).
1561 3389 1830 3459 intelleges
1864 3388 1968 3444 hac
1994 3390 2059 3446 Β.
