2338 3691
718 141 1237 199 EPISTOLARUM
1281 144 1350 198 x.
1390 151 1615 199 21—23.
1996 145 2132 209 323

211 288 446 353 litteris
473 289 703 354 vestris
732 293 847 372 est,
876 289 1140 354 mirifice
1168 293 1236 354 et
1265 293 1528 355 senatus
1557 293 1623 354 et
1651 294 1883 355 cuncta
1906 291 2130 355 civitas

213 377 532 443 delectata
576 381 692 443 est.
766 377 951 454 Quod
989 379 1070 442 ad
1106 400 1211 444 me
1248 379 1594 464 scripseras
1632 379 1709 444 de
1747 400 1816 443 re
1858 380 2130 464 agraria,
2167 393 2200 441 2

215 467 269 530 si
317 468 649 532 consultus
704 471 967 532 senatus
1013 472 1210 552 esset,
1262 471 1337 533 ut
1393 468 1659 553 quisque
1703 468 2131 533 honorificen-

213 555 530 621 tissimam
593 556 670 621 de
733 559 799 621 te
859 557 1248 622 sententiam
1312 557 1601 641 dixisset,
1673 578 1815 621 eam
1876 561 2132 622 secutus

215 648 411 728 esset3
467 646 576 729 qui
632 649 803 710 certe
859 666 980 731 ego
1026 645 1321 729 fuissem3
1368 646 1506 730 sed,
1558 650 1824 731 propter
1867 647 2130 710 tardita-

212 738 347 798 tem
394 735 861 800 sententiarum
905 756 1281 820 moramque
1326 756 1540 799 rerum
1586 757 1783 819 quum
1829 754 1921 818 ea,
1968 752 2132 820 quae

215 824 739 907 consulebantur,
785 824 867 888 ad
913 824 1154 889 exitum
1200 845 1335 889 non
1380 825 1809 908 pervenirent,
1854 846 2132 889 commo-

216 911 551 977 dissimum
605 912 764 977 mihi
817 912 1189 996 Plancoque
1243 913 1432 977 fratri
1486 914 1696 978 visum
1751 916 1850 978 est
1903 914 1999 978 uti
2055 934 2132 978 eo

216 1005 479 1066 senatus
528 1003 843 1085 consulte,
890 1003 1062 1086 quod
1107 1024 1189 1066 ne
1237 1005 1463 1067 nostro
1512 1002 1830 1067 arbitratu
1876 1023 2131 1086 compo-

213 1095 504 1173 neretur,
567 1091 711 1174 quis
773 1091 971 1155 fuerit
1031 1091 1523 1176 impedimento,
1585 1092 1865 1157 arbitror
1925 1095 1992 1155 te
2055 1112 2133 1155 ex

213 1178 439 1243 Planci
475 1180 1145 1266 litteriscognovisse.
1218 1177 1362 1265 Sed,
1406 1181 1540 1245 sive
1563 1181 1646 1245 ·in
1684 1183 1947 1244 senatus
1983 1200 2132 1244 con·
2171 1193 2202 1240 3

217 1269 389 1334 sulto
437 1269 569 1333 sive
614 1269 687 1333 in
721 1269 951 1333 ceteris
985 1269 1179 1334 rebus
1219 1269 1540 1334 desideras
1579 1268 1840 1353 aliquid,
1885 1268 1975 1332 sic
2012 1268 2133 1332 tibi

214 1357 563 1442 persuade,
606 1361 859 1422 tantam
905 1379 1043 1424 esse
1091 1358 1263 1443 apud
1311 1378 1534 1423 omnes
1578 1358 1787 1423 bonos
1831 1357 1930 1421 tui
1975 1357 2133 1420 cari-

214 1450 447 1530 tatem,
500 1450 576 1512 ut
618 1447 871 1512 nullum
916 1467 1122 1532 genus
1169 1447 1600 1532 amplissimae
1647 1446 1984 1532 dignitatis
2031 1466 2134 1509 ex-

217 1535 491 1620 cogitari
537 1535 762 1619 possit,
806 1536 978 1620 quod
1014 1536 1136 1601 tibi
1173 1557 1308 1601 non
1343 1539 1641 1621 paratum
1681 1537 1782 1600 sit.
1854 1534 2133 1599 Litteras

214 1628 364 1689 tuas
410 1625 823 1690 vehementer
877 1628 1206 1709 exspecto,
1263 1632 1330 1690 et
1375 1625 1631 1710 quidem
1674 1626 1867 1708 taleS‚
1913 1625 2132 1707 quales

218 1714 494 1778 maxime
541 1717 715 1799 opto.
805 1713 990 1780 Vale.

1052 1926 1291 1995 xxm.

309 2039 425 2095 Scr.
472 2038 746 2095 Cularone
789 2039 851 2095 in
896 2038 1102 2096 finibus
1148 2040 1517 2165 Allo7kiiiogum
1561 2038 1710 2094 VIII.
1758 2038 1889 2093 Idus
1924 2039 2044 2094 Iun.

986 2127 1034 2165 a.
1073 2130 1126 2165 u.
1166 2128 1213 2166 c.
1362 2153 1372 2165 .

811 2233 1143 2290 PLANCUS
1183 2233 1541 2291 CICERONI.

352 2334 726 2420 Numquam
761 2335 1177 2420 mehercules,
1220 2336 1310 2400 mi
1347 2333 1588 2419 Cicero,
1632 2356 1734 2399 me
1779 2334 2138 2419 poenitebit
2176 2350 2202 2395 1

219 2425 502 2490 maxima
562 2424 848 2509 pericula
910 2446 1027 2508 pro
1074 2425 1288 2509 patria
1347 2424 1585 2510 subire,
1639 2424 1818 2507 dum,
1882 2424 1936 2488 si
1982 2424 2135 2507 quid

220 2513 527 2579 acciderit
577 2513 768 2597 mihi,
831 2536 870 2578 a
923 2513 1421 2598 reprehensione
1473 2514 1856 2577 temeritatis
1912 2513 2135 2577 absim.

220 2601 579 2669 Confiterer
621 2602 1056 2687 imprudentia
1100 2624 1204 2668 me
1248 2605 1522 2688 lapsum,
1567 2602 1622 2666 si
1666 2623 1973 2686 umquam
2019 2601 2134 2665 Le-

219 2692 371 2777 pido
429 2714 508 2757 ex
563 2692 779 2757 animo
836 2692 1271 2776 credidissem3
1330 2691 1673 2757 credulitas
1733 2692 1904 2755 enim
1960 2711 2137 2754 error

220 2786 322 2848 est
366 2781 576 2867 magis
624 2803 817 2866 quam
862 2783 1078 2866 culpa,
1124 2785 1191 2846 et
1237 2781 1494 2867 quidem
1537 2781 1609 2845 in
1655 2780 1883 2865 optimi
1929 2778 2135 2843 cuius·

221 2893 345 2955 que
382 2873 666 2936 mentem
700 2870 1005 2935 facillime
1040 2871 1292 2955 irrepit3
1338 2870 1449 2936 sed
1486 2890 1608 2955 ego
1645 2890 1782 2934 non
1814 2868 1941 2933 hoc
1977 2867 2134 2931 vitio

219 2982 427 3045 paene
465 2983 609 3026 sum
646 2960 976 3045 deceptus,
1021 2959 1337 3045 Lepidum
1374 2959 1546 3024 enim
1582 2957 1847 3043 pulchre
1890 2977 2135 3022 noram.

224 3047 392 3125 Quid
439 3070 594 3135 ergo
642 3048 782 3115 est?
828 3049 1037 3133 pudor
1080 3071 1203 3134 me,
1247 3049 1358 3133 qui
1402 3050 1474 3113 in
1507 3048 1677 3112 bello
1719 3046 1992 3112 maxime
2039 3047 2138 3109 est

220 3140 649 3224 periculosus,
708 3138 882 3204 hunc
937 3159 1158 3203 casum
1213 3137 1427 3223 coegit
1471 3137 1710 3218 subire3
1774 3157 1927 3199 nam
1936 3185 1953 3217 ,
2010 3134 2136 3198 nisi

223 3251 354 3295 uno
417 3233 562 3295 loco
638 3249 871 3312 essem,
941 3228 1239 3310 verebar,
1308 3247 1394 3290 ne
1458 3226 1560 3291 cui
1632 3224 2137 3290 obtrectatorum

364 3439 469 3510 Ep.
508 3444 594 3509 22,
623 3444 673 3494 2.
728 3441 816 3495 uti
849 3456 910 3495 eo
944 3443 1166 3495 senatus
1193 3436 1454 3504 consulto,
1491 3436 1637 3506 quod
1674 3434 1881 3502 (Mam).
1953 3430 2040 3484 uti
2061 3442 2137 3491 ec,

221 3528 271 3580 q.
311 3511 383 3565 M.
456 3528 510 3565 u.
548 3527 591 3565 8.
629 3527 692 3577 c.,
728 3528 775 3582 q.
817 3510 928 3579 Ort,
966 3510 1025 3564 Β.
1125 3584 1141 3594 ὡ

1605 3595 1714 3646 21*
