2338 3691
305 130 380 184 M.
421 130 667 185 TULLII
703 128 1085 186 CICERONIS
1122 128 1640 184 EPISTULARUM
1678 128 1744 182 X.
1787 134 1833 182 1.
1874 135 1921 182 2.
1994 127 2122 192 297

213 277 425 344 beres:
481 296 642 359 quae
699 275 752 339 si
797 274 880 339 ad
923 268 1108 339 tuum
1163 278 1418 358 tempus
1465 273 1861 357 perducitur,
1917 272 2128 338 facilis

215 364 599 450 gubernatio
638 365 761 447 est3
805 367 880 427 ut
914 363 1303 447 perducatur
1339 366 1573 446 autem,
1616 382 1892 447 magnae
1930 383 2130 445 quum

216 452 589 537 diligentiae
636 455 753 537 est,
795 454 936 515 tum
982 453 1178 516 etiam
1222 451 1541 517 fortunae.
1624 448 1750 515 Sed
1795 453 1863 514 et
1903 452 1968 514 te
2016 450 2127 514 ali·
2165 469 2198 518 3

217 545 462 626 quanto
509 544 659 606 ante
669 592 689 626 ,
731 543 807 605 ut
851 561 1038 626 spero
1048 555 1073 624 ,¹
1108 539 1489 605 habebimus
1536 542 1626 624 et,
1678 542 2131 622 praeterquam

218 629 391 714 quod
444 630 539 693 rei
599 629 894 714 publicae
951 629 1284 694 consulere
1331 627 1660 711 debemus,
1723 627 1917 691 etiam
1978 629 2129 691 tuae

105 735 119 743 ·’
219 718 523 804 dignitati
568 719 664 782 ita
705 717 1024 802 favemus,
1076 720 1152 781 ut
1208 738 1396 782 omne
1450 721 1745 781 nostrum
1792 715 2132 781 consilium

218 807 532 890 studium,
576 806 861 871 officium
917 828 1205 890 operam,
1259 805 1548 871 laborem
1601 804 2002 889 diligentiam
2048 804 2130 869 ad

219 895 710 979 amplitudinem
752 899 933 960 tuam
979 895 1411 966 conferamus:
1456 894 1551 958 ita
1593 893 1897 958 facillime
1937 897 2003 958 et
2036 893 2132 957 rei
2210 912 2228 931 ⁰

215 984 534 1069 publicae,
580 1005 742 1068 quae
787 983 948 1048 mihi
994 983 1324 1048 carissima
1370 985 1497 1067 est,
1544 985 1609 1047 et
1654 981 1974 1046 amicitiae
2016 1002 2131 1047 no-

219 1076 422 1156 strae,
486 1094 679 1157 quam
725 1072 1126 1136 sanctissime
1171 1071 1362 1146 nobis
1406 1071 1742 1136 colendam
1784 1075 1972 1156 puto,
2028 1092 2131 1134 me

222 1161 521 1246 intelligo
577 1161 1075 1225 satisfacturum.
1163 1159 1478 1225 Furnium
1530 1163 1828 1225 nostrum
1878 1158 2049 1223 tanti
2094 1181 2133 1222 a
2167 1184 2203 1230 4

221 1254 288 1314 te
332 1249 491 1334 fieri,
535 1252 851 1334 quantum
901 1249 1104 1333 ipsius
1157 1249 1529 1313 humanitas
1573 1251 1640 1312 et
1684 1247 1965 1332 dignitas
2020 1268 2132 1330 po-

225 1339 454 1422 stulat,
515 1359 635 1402 nec
689 1339 889 1402 miror
942 1342 1008 1402 et
1061 1337 1310 1423 gaudeo
1356 1341 1546 1420 teque
1590 1336 1717 1402 hoc
1771 1335 2134 1400 existimare

225 1428 403 1511 volo,
448 1425 756 1510 quidquid
808 1427 880 1490 in
926 1448 1070 1490 eum
1123 1426 1343 1490 iudicii
1397 1425 1715 1509 officiique
1771 1423 2136 1508 contuleris,

222 1514 432 1668 ffll'sta
474 1536 578 1579 me
624 1515 929 1599 accipere,
972 1518 1047 1581 ut
1089 1514 1161 1579 in
1204 1536 1306 1579 me
1352 1515 1564 1600 ipsum
1607 1517 1674 1579 te
1716 1515 1941 1597 putem
1985 1533 2134 1578 con-

321 1624 470 1668 isse.

1136 1761 1222 1826 ΙΙ.

381 1865 496 1922 Ser.
536 1866 747 1922 Romae
783 1867 916 1937 post
948 1865 1015 1920 V.
1055 1867 1187 1921 Idus
1223 1866 1553 1922 Decembres
1590 1881 1641 1919 a.
1677 1882 1731 1920 u.
1770 1882 1816 1922 e.
1858 1872 1976 1925 710.

793 1980 1050 2037 CICERO
1088 1981 1378 2037 PLANCO
1418 1981 1569 2036 SAL.

360 2080 581 2145 Meum
645 2072 928 2146 studium
992 2082 1229 2147 honori
1297 2085 1412 2146 tuo
1476 2103 1594 2166 pro
1666 2079 2137 2145 necessitudine
2175 2101 2204 2150 1

229 2174 458 2237 nostra
501 2191 637 2235 non
704 2170 1036 2254 defuisset,
1099 2171 1154 2235 si
1219 2173 1331 2235 aut
1373 2173 1517 2235 tuto
1562 2170 1632 2233 in
1687 2172 1981 2234 senatum
2025 2173 2139 2233 aut

229 2258 502 2325 honeste
564 2259 782 2323 venire
843 2259 1225 2343 potuissem3
1298 2258 1408 2322 sed
1470 2279 1591 2323 nec
1653 2258 1791 2322 sine
1854 2258 2137 2341 periculo

230 2348 571 2432 quisquam
613 2348 813 2412 libere
859 2348 938 2411 de
982 2369 1051 2411 re
1095 2347 1354 2431 publica
1412 2347 1695 2411 sentiens
1739 2347 1981 2411 versari
2025 2369 2138 2430 po-

229 2440 361 2502 test
413 2436 486 2499 in
538 2457 791 2500 summa
849 2436 1237 2520 impunitate
1291 2436 1651 2521 gladiorum
1705 2456 1825 2500 nec
1877 2439 2137 2501 nostrae

232 2524 571 2611 dignitatis
615 2525 869 2589 videtur
914 2546 1050 2589 esse
1086 2524 1179 2589 ibi
1216 2526 1602 2589 sententiam
1647 2524 1725 2589 de
1769 2545 1839 2588 re
1882 2523 2140 2608 publica

231 2613 461 2697 dicere,
505 2612 615 2678 ubi
661 2635 762 2677 me
809 2616 875 2677 et
917 2614 1146 2678 melius
1194 2618 1260 2677 et
1301 2614 1567 2698 propius
1605 2612 1873 2678 audiant
1910 2612 2140 2677 armati

230 2723 426 2787 quam
473 2705 819 2767 senatores.
891 2701 1298 2786 Quapropter
1340 2702 1411 2766 in
1455 2702 1724 2786 privatis
1767 2702 1959 2765 rebus
1996 2700 2136 2764 nul·
2175 2721 2207 2768 2

229 2791 364 2854 lum
418 2811 628 2874 neque
684 2790 969 2856 officium
1021 2812 1229 2874 neque
1285 2790 1567 2855 studium
1620 2811 1835 2854 meum
1898 2788 2139 2853 deside-

229 2879 431 2963 rabis,
485 2900 568 2942 ne
612 2879 683 2944 in
726 2879 1000 2963 publicis
1046 2879 1329 2963 quidem,
1383 2879 1439 2943 si
1484 2877 1637 2963 quid
1691 2878 1838 2962 erit,
1894 2878 1966 2941 in
2011 2898 2137 2961 quo

229 2988 331 3031 me
386 2968 700 3032 interesse
752 2988 1011 3033 necesse
1065 2968 1177 3051 sit,
1229 2989 1535 3051 umquam
1589 2966 1804 3050 deero,
1857 2987 1941 3030 ne
1995 2987 2139 3029 cum

230 3055 516 3139 periculo
563 3056 821 3139 quidem
864 3077 1036 3140 meo,
1091 3056 1395 3141 dignitati
1438 3058 1615 3139 tuae3
1666 3055 1738 3119 in
1790 3054 1870 3119 iis
1926 3058 2142 3119 autem

229 3145 449 3229 rebus,
513 3165 676 3228 quae
739 3144 944 3209 nihilo
1008 3144 1250 3229 minus,
1311 3149 1387 3209 ut
1440 3165 1561 3230 ego
1617 3143 1852 3228 absim,
1913 3142 2141 3208 confici

230 3236 566 3317 poterunt,
614 3237 767 3317 peto
824 3255 863 3296 a
914 3236 981 3296 te
1035 3235 1110 3297 ut
1166 3255 1269 3297 me
1322 3234 1641 3298 rationem
1691 3231 1928 3297 habere
1983 3231 2141 3296 velis

231 3324 297 3385 et
342 3321 569 3392 salutis
617 3324 682 3385 et
727 3321 1062 3407 dignitatis
1107 3342 1305 3388 meae.

373 3475 478 3549 Ep.
520 3484 569 3546 1,
596 3484 647 3533 3.
720 3475 984 3545 debemus,
1019 3477 1184 3532 etiam
1221 3477 1371 3545 (W.).
1444 3476 1518 3542 d„
1553 3479 1734 3530 tamen
1767 3473 1860 3540 M„
1897 3470 2084 3537 vulgo.

2259 3587 2295 3599 „-
