2338 3691
280 113 413 176 448
849 112 923 166 M.
963 110 1209 167 TULLII
1244 110 1626 167 CICERONIS

283 257 563 323 hominis
610 256 1003 321 memoriam.
1075 255 1302 340 Itaque
1347 255 1512 321 nihil
1557 260 1622 320 te
1669 256 1894 322 doceo:
1939 259 2198 321 tantum

283 347 404 410 tibi
450 346 684 410 sumito
730 366 848 428 pro
896 341 1211 429 Capitone
1259 345 1430 428 apud
1477 341 1836 428 Caesarem,
1880 348 2198 429 quantum

209 444 245 495 7
283 435 497 519 ipsum
540 433 917 499 *meminisse
973 433 1228 498 senties,
1318 432 1491 518 Ego,
1546 433 1718 518 quod
1771 434 1843 498 in
1895 455 1997 498 me
2054 434 2197 518 ipso

284 522 557 605 experiri
601 522 812 606 potui,
867 520 947 586 ad
995 525 1060 586 te
1116 521 1427 605 deferam3
1480 522 1551 586 in
1605 543 1682 588 eo
1740 526 2059 606 quantum
2114 523 2197 587 sit

281 610 584 695 ponderis
594 661 611 693 ,
673 613 746 675 tu
810 610 1080 674 videbis:
1146 631 1339 694 quam
1394 613 1645 695 partem
1699 611 1769 674 in
1823 633 1891 676 re
1936 611 2197 696 publica

278 720 668 782 causamque
716 697 1138 783 defenderim,
1192 721 1310 782 per
1355 720 1515 782 quos
1568 699 1864 764 homines
1912 699 2196 781 ordines·

283 808 406 870 que
455 787 742 852 steterim
788 787 1146 873 quibusque
1193 788 1483 852 munitus
1528 787 1787 872 fuerim,
1831 809 1967 854 non
2011 788 2195 874 igno-

282 897 414 958 ras3
467 876 592 941 hoc
646 876 806 940 mihi
868 876 1060 940 velim
1115 876 1363 960 credas,
1429 877 1483 940 si
1539 876 1692 960 quid
1754 877 2019 942 fecerim
2072 877 2195 942 hoc

277 964 423 1048 ipso
479 963 550 1028 in
603 965 772 1029 bello
837 965 1051 1029 minus
1117 986 1195 1030 ex
1241 961 1533 1030 Caesaris
1595 966 1958 1050 voluntate,
2024 966 2194 1050 quod

280 1053 704 1118 intellexerim
751 1053 912 1117 scire
957 1053 1171 1137 ipsum
1209 1052 1547 1118 Caesarem
1591 1074 1694 1118 me
1740 1054 2194 1119 invitissimum

279 1141 534 1227 fecisse,
589 1142 656 1207 id
701 1141 928 1207 fecisse
976 1142 1249 1207 aliorum
1295 1142 1593 1226 consili0,
1636 1142 1929 1226 hortatu,
1976 1146 2194 1209 aucto-

277 1231 497 1313 ritate3
544 1229 716 1314 quod
751 1230 986 1295 fuerim
1013 1230 1403 1296 moderatior
1429 1231 1971 1315 temperatiorque
2001 1253 2194 1316 quam

278 1319 355 1382 in
395 1341 470 1384 ea
516 1323 700 1403 parte
748 1319 1103 1404 quisquam,
1147 1319 1216 1384 id
1260 1340 1363 1384 me
1398 1319 1626 1384 fecisse
1663 1320 1938 1384 maxime
1975 1323 2193 1386 aucto-

278 1408 469 1472 ritate
516 1406 851 1493 Capitonis
860 1417 886 1491 ,'
933 1408 1113 1473 cuius
1169 1408 1408 1473 similes
1465 1408 1523 1472 si
1566 1407 1847 1492 reliquos
1901 1430 2193 1474 necessa·

277 1496 411 1561 rios
456 1496 845 1581 habuissem,
890 1496 983 1560 rei
1027 1496 1322 1581 publicae
1358 1497 1634 1562 fortasse
1670 1497 1989 1581 nonnihil,
2035 1498 2195 1562 mihi

204 1602 242 1653 8
280 1587 449 1649 certe
495 1586 843 1669 plurimum
888 1585 1291 1668 profuissem.
1370 1584 1560 1649 Hanc
1605 1607 1758 1669 rem,
1803 1586 1893 1650 mi
1936 1585 2196 1671 Plance,

280 1673 334 1736 si
397 1674 706 1756 effeceris,
769 1695 977 1737 meam
1042 1674 1120 1737 de
1185 1677 1299 1738 tua
1363 1694 1517 1759 erga
1580 1696 1682 1738 me
1739 1674 2196 1739 benevolentia

278 1783 460 1844 spem
506 1762 1001 1845 confirmaveriS,
1046 1762 1260 1845 ipsum
1288 1758 1687 1849 Capitonem,
1733 1763 2196 1850 gratissimum,

278 1850 846 1935 officiosissimum,
902 1850 1217 1935 optimum
1262 1851 1497 1935 virum,
1556 1850 1638 1916 ad
1691 1855 1872 1916 tuam
1917 1854 2195 1919 necessi-

274 1938 571 2005 tudinem
614 1942 729 2006 tuo
777 1961 1027 2006 summo
1075 1939 1385 2005 beneficio
1433 1940 1817 2006 adiunxeris·

1123 2133 1333 2199 XXX.

842 2244 955 2301 Scr.
994 2246 1206 2301 Romae
1244 2262 1295 2301 a.
1332 2264 1385 2301 u.
1424 2262 1471 2301 c.
1511 2252 1629 2302 708.

621 2355 876 2456 clonae
916 2369 1154 2425 Aemo
1194 2368 1653 2425 PROCONSULI
1690 2368 1841 2425 sn..

203 2476 237 2528 ι
409 2467 481 2532 L.
527 2467 809 2534 Manlius
855 2472 954 2534 est
1000 2468 1203 2535 Sosis:
1249 2470 1305 2534 is
1349 2469 1478 2534 fuit
1504 2468 1887 2553 CatinensiS,
1933 2467 2047 2535 sed
2092 2472 2196 2534 est

275 2577 407 2621 una
445 2577 590 2622 cum
628 2558 889 2641 reliquis
924 2555 1376 2641 Neapolitanis
1414 2558 1569 2623 civis
1607 2557 1939 2623 Romanus
1978 2557 2195 2623 factus

272 2644 659 2730 decurioque
704 2644 1006 2730 Neapoli3
1061 2650 1203 2711 erat
1246 2647 1417 2711 enim
1464 2646 1781 2730 ascriptus
1825 2646 1897 2710 in
1939 2645 2007 2710 id
2055 2668 2193 2711 mu·

270 2733 584 2817 nicipium
649 2738 799 2798 ante
863 2734 1191 2799 civitatem
1253 2735 1443 2800 sociis
1509 2737 1575 2799 et
1635 2733 1887 2799 Latinis
1953 2735 2193 2799 datam.

273 2820 434 2887 Eius
497 2822 697 2887 frater
760 2820 1028 2887 Catinae
1092 2831 1300 2907 nuper
1361 2825 1653 2888 mortuus
1718 2825 1833 2888 est.
1921 2821 2192 2887 Nullam

269 2911 540 2988 omnino
588 2911 976 2976 arbitramur
1028 2910 1107 2976 de
1163 2933 1241 2975 ea
1282 2911 1640 2976 hereditate
1686 2913 2194 2976 controversiam

275 3020 421 3062 eum
473 2998 875 3083 habiturum,
930 3002 997 3064 et
1050 3003 1149 3064 est
1202 2999 1394 3064 hodie
1440 3000 1510 3062 in
1553 2999 1771 3083 bonis3
1835 3000 1973 3084 sed,
2034 3022 2194 3084 quo·

275 3086 452 3150 niam
497 3086 695 3151 habet
738 3091 1071 3171 praeterea
1114 3088 1381 3173 negotia
1425 3090 1644 3152 vetera
1688 3088 1759 3152 in
1798 3085 2015 3153 Sicilia
2058 3092 2195 3173 tua,

272 3176 342 3235 et
385 3173 555 3238 hanc
581 3183 584 3188 ’
607 3175 1030 3241 hereditatem
1084 3176 1441 3241 fraternam
1495 3182 1556 3242 et
1606 3176 1823 3242 omnia
1879 3176 2014 3241 eius
2069 3177 2192 3241 tibi
2309 3206 2322 3218 ·

397 3359 498 3430 Ep.
549 3370 641 3434 29,
701 3375 748 3423 7.
821 3371 1054 3427 videbis:
1115 3388 1281 3442 quam
1326 3373 1476 3444 (W.).
1547 3392 1597 3432 v.
1652 3375 1831 3448 Quam
1873 3377 2060 3449 vulgo.
2109 3409 2179 3418 -

254 3427 644 3563 }ggtiozqf‚·hf·oc
671 3439 765 3505 (W
767 3441 817 3508 .).
855 3443 894 3496 i.
932 3442 1056 3498 Hoc
1082 3444 1268 3515 vulgo.
1306 3476 1377 3486 —
1412 3447 1600 3514 fecisse
1624 3464 1706 3503 me
1741 3450 1980 3505 aliorum
2008 3449 2181 3519 (W.)?
