2338 3691
687 110 1206 168 EPISTOLARUM
1241 105 1368 164 XV·
1409 115 1460 163 4.
1503 117 1554 166 5.
1945 110 2076 175 513

155 255 330 337 quod
377 257 431 321 si
477 258 790 341 triumphi
843 257 1361 342 praerogativam
1415 259 1608 340 putas
1664 256 2074 340 supplicatio·

154 364 307 407 nem
345 349 412 409 et
443 346 685 411 idcirco
725 368 942 410 casum
979 347 1196 430 potius
1234 367 1426 429 quam
1467 349 1533 409 te
1568 344 1818 409 laudari
1852 344 2075 430 maviS,

62 509 69 510 ἶ
153 453 364 515 neque
411 435 952 520 supplicationem
998 435 1286 518 sequitur
1322 455 1574 518 semper
1608 432 1972 517 triumphus
2010 435 2076 497 et

152 520 488 605 triumpho
536 524 744 588 multo
793 522 1026 587 clarius
1066 526 1165 586 est
1202 526 1496 586 senatum
1532 521 1811 586 iudicare
1856 521 2075 605 potius

148 612 660 676 mansuetudine
706 614 771 675 et
814 611 1188 676 innocentia
1226 611 1632 696 imperatoris
1677 609 2076 694 provinciam

147 718 344 779 quam
390 699 458 762 vi
504 700 792 765 militum
839 702 954 764 aut
995 699 1399 784 benignitate
1446 699 1712 764 deorum
1755 702 2077 763 retentam

148 789 344 870 atque
409 792 868 854 conservatam
933 808 1096 872 esse,
1152 788 1321 872 quod
1377 806 1499 872 ego
1554 809 1698 852 mea
1756 787 2079 852 sententia

151 877 526 941 censebam.
624 875 840 960 Atque
895 876 1055 940 haec
1110 896 1231 961 ego
1287 876 1523 941 idcirco
1588 876 1670 940 ad
1732 878 1797 939 te
1853 877 2079 940 contra
2115 891 2147 940 3

154 965 699 1030 consuetudinem
735 955 945 1029 meain
982 964 1273 1049 pluribus
1310 964 1553 1049 scripsi,
1596 967 1687 1048 ut,
1733 964 1903 1047 quod
1948 985 2079 1027 ma-

156 1051 329 1116 xime
383 1055 570 1137 volo,
633 1053 956 1117 existimes
1000 1074 1103 1117 me
1155 1053 1477 1131 laborare,
1531 1055 1608 1117 ut
1659 1052 1780 1116 tibi
1823 1073 2081 1135 persua-

159 1139 350 1204 deam
396 1164 503 1206 me
552 1145 617 1205 et
669 1141 946 1207 voluisse
1010 1141 1088 1205 de
1131 1144 1247 1205 tua
1300 1141 1663 1226 maiestate,
1726 1139 1896 1224 quod
1951 1161 2082 1203 am-

161 1229 533 1311 plissimum
598 1252 739 1295 sum
803 1231 1180 1312 arbitratus,
1254 1233 1349 1314 et,
1412 1229 1583 1313 quod
1647 1232 1721 1293 tu
1782 1228 2083 1312 maluisti,

160 1316 409 1382 factum
467 1340 609 1383 esse
664 1318 960 1403 gaudere.
1048 1316 1214 1383 Vale
1260 1321 1327 1383 et
1369 1338 1488 1382 nos
1544 1316 1737 1402 dilige
1784 1320 1850 1381 et
1900 1316 2084 1380 insti-

159 1408 307 1471 tuto
353 1408 593 1471 itinere
640 1407 1045 1472 severitatem
1091 1406 1617 1507 diligentiamque
1654 1405 1844 1471 sociis
1881 1408 1948 1470 et
1989 1404 2085 1468 rei

159 1495 468 1579 publicae
514 1499 789 1579 praesta.

1065 1705 1181 1772 VI.

167 1818 285 1874 Scr.
316 1819 397 1888 ,in
446 1818 643 1876 Cilicia
687 1834 878 1875 mense
914 1817 1182 1885 Quinctili
1207 1819 1345 1946 'gf’
1383 1817 1528 1874 Non.
1572 1818 1664 1873 vel
1708 1816 1900 1888 paullo
1937 1817 2088 1888 post)

939 1906 990 1946 a.
1027 1909 1080 1945 u.
1119 1909 1166 1947 c.
1315 1932 1325 1943 .

628 2015 704 2068 M.
741 2013 998 2070 CICERO
1037 2014 1093 2068 S.
1127 2014 1197 2068 D.
1233 2013 1310 2067 M.
1347 2012 1636 2068 CATONI.

308 2113 584 2198 „Laetus
632 2135 775 2179 sum
817 2115 1068 2179 laudari
1103 2112 1261 2197 me“,
1304 2113 1516 2196 inquit
1550 2112 1812 2196 Hector,
1858 2112 2089 2195 opinor
2129 2127 2155 2176 1

170 2203 355 2286 apud
398 2199 759 2285 Naevium,
787 2203 938 2286 „abs
983 2207 1074 2287 te,
1119 2205 1323 2287 pater,
1367 2223 1407 2264 a
1450 2201 1711 2266 laudato
1757 2200 1964 2283 viro“;v
2013 2221 2089 2264 ea

171 2293 280 2355 est
338 2288 511 2352 enim
562 2289 853 2374 profecto
907 2291 1187 2355 iucunda
1236 2291 1379 2354 laus
1388 2339 1406 2374 ,
1461 2310 1624 2372 quae
1680 2289 1761 2353 ab
1818 2287 1898 2352 iis
1943 2310 2090 2373 pro-

167 2376 505 2463 ficiscitur,
550 2378 661 2463 qui
705 2378 831 2462 ipsi
874 2380 943 2443 in
987 2380 1177 2444 laude
1222 2378 1536 2442 vixerunt.
1606 2376 1753 2462 Ego
1799 2398 1950 2442 vero
1988 2376 2092 2442 vel

170 2467 617 2552 gratulatione
662 2468 1023 2532 litterarum
1067 2473 1327 2539 tuarum
1370 2467 1473 2532 vel
1518 2466 1903 2535 testimoniis
1947 2487 2089 2530 sen·

167 2555 423 2619 tentiae
487 2555 694 2620 dictae
758 2556 958 2621 nihil
987 2559 1087 2621 est
1148 2555 1321 2640 quod
1384 2576 1487 2619 me
1540 2576 1675 2621 non
1730 2558 2091 2620 assecutum

169 2647 422 2727 putem,
464 2643 655 2728 idque
700 2644 859 2708 mihi
906 2666 1104 2729 quum
1149 2643 1633 2747 amplissimum,
1677 2647 1817 2708 tum
1864 2643 2091 2728 gratis-

170 2732 418 2797 simum
444 2735 559 2816 est,
595 2736 660 2796 te
687 2732 964 2797 libenter
991 2732 1310 2798 amicitiae
1337 2728 1605 2817 ded1sse,
1642 2731 1812 2816 quod
1847 2730 2090 2815 liquido

169 2819 440 2885 veritati
503 2820 705 2885 dares.
807 2820 924 2905 Et,
987 2822 1043 2885 si
1103 2842 1240 2887 non
1302 2821 1495 2886 modo
1559 2841 1808 2905 omnes,
1871 2840 2093 2884 verum

169 2908 378 2972 etiam
431 2909 618 2973 multi
674 2906 954 2974 Catones
1009 2912 1227 2974 essent
1278 2909 1348 2973 in
1411 2909 1669 2974 civitate
1715 2911 1965 2992 nostra,
2022 2907 2093 2970 in

139 3013 142 3016 ’
172 3017 312 3079 qua
355 3019 556 3061 unum
602 2997 921 3062 exstitisse
957 2998 1249 3063 mirabile
1287 3002 1402 3082 est,
1448 3019 1637 3082 quem
1675 3018 1795 3083 ego
1837 3017 2093 3061 currum

175 3087 299 3149 aut
342 3107 535 3168 quam
577 3087 863 3150 lauream
909 3108 1054 3151 cum
1098 3089 1213 3150 tua
1267 3086 1637 3151 laudatione
1692 3083 2093 3150 conferrem?

172 3192 337 3236 nam
375 3172 454 3236 ad
491 3176 705 3238 meum
741 3195 999 3238 sensum
1031 3177 1098 3239 et
1141 3174 1224 3240 ad
1259 3173 1416 3238 illud
1463 3174 1781 3238 sincerum
1827 3193 1903 3236 ac
1948 3173 2093 3236 sub-

172 3257 296 3325 tile
341 3259 647 3326 iudicium
693 3262 856 3326 nihil
899 3266 1117 3347 potest
1160 3283 1299 3327 esse
1342 3261 1729 3326 laudabilius
1780 3282 1971 3345 quam
2017 3280 2095 3323 ea

325 3450 429 3597 Ep.
470 3457 518 3521 5,
549 3459 598 3507 3.
670 3468 790 3507 sum
826 3454 1130 3508 arbitratus
1167 3452 1296 3521 (Nn)
1368 3453 1471 3508 sim
1506 3468 1580 3506 a.
1595 3450 1728 3504 ΜΒ.
1827 3484 1839 3488 -

290 3539 396 3580 0100
397 3541 522 3581 roam
551 3541 675 3589 epist
703 3541 740 3581 ι
1600 3539 1666 3588 33
