2338 3691
696 119 1226 176 EPISTULARUM
1260 123 1333 175 11.
1377 127 1599 176 10—12.
2029 120 2114 183 47

189 286 441 330 causam
454 315 472 348 ,
527 264 712 350 quod
766 265 1035 331 mirifice
1089 288 1235 332 sum
1288 266 1628 345 sollicitus,
1674 265 1982 349 quidnam
2039 265 2118 329 de

188 353 537 438 provinciis
585 354 999 420 decernatur:
1054 355 1293 420 mirum
1344 376 1447 418 me
1502 354 1887 419 desiderium
1938 357 2121 419 tenet

190 443 387 527 urbis,
411 443 798 507 incredibile
825 465 1118 510 meorum
1145 447 1339 528 atque
1367 444 1438 507 in
1465 443 1689 528 primis
1717 443 1833 527 tui,
1853 443 2118 508 satietas

190 535 411 597 autem
475 531 876 616 provinciae,
938 533 1044 597 vel
1106 533 1260 617 quia
1317 532 1607 597 videmur
1670 554 1814 596 eam
1874 532 2119 596 famam

192 621 556 703 consecuti,
619 623 695 685 ut
755 643 891 686 non
952 625 1090 686 tam
1153 621 1434 687 accessio
1500 621 1867 706 quaerenda
1924 643 2121 706 quam

190 710 464 776 fortuna
501 710 848 777 metuenda
885 710 988 795 sit,
1031 711 1136 775 vel
1180 710 1331 795 quia
1366 712 1579 775 totum
1615 710 1948 795 negotium
1984 732 2121 775 non

193 802 294 864 est
339 798 620 883 dignum
663 798 905 864 viribus
949 799 1214 884 nostriS,
1259 798 1370 883 qui
1416 799 1663 864 maiora
1701 821 1900 864 onera
1943 799 2016 864 in
2048 820 2118 863 re

191 888 461 973 publica
497 886 813 951 sustinere
849 891 917 952 et
950 887 1197 972 possim
1232 892 1300 952 et
1334 888 1594 972 soleam,
1641 888 1741 953 vel
1778 888 1929 972 quia
1966 888 2121 953 belli

192 977 424 1061 magni
468 975 666 1040 timor
715 977 1072 1061 impendet,
1130 977 1304 1062 quod
1357 976 1649 1041 videmur
1702 976 2008 1062 effugere,
2064 976 2121 1041 si

191 1066 278 1130 ad
324 1064 754 1130 constitutam
798 1066 966 1130 diem
1013 1066 1408 1131 decedemus.
1478 1056 1577 1130 De
1615 1065 1968 1150 pantheris,
2003 1087 2120 1150 per
2156 1075 2189 1123 2

193 1176 333 1239 eos,
402 1175 517 1239 qm
569 1154 792 1219 venari
844 1155 1083 1239 solent,
1147 1155 1364 1241 agitur
1416 1155 1728 1220 mandatu
1781 1177 1924 1220 meo
1981 1154 2121 1218 dili-

194 1247 457 1329 genter3
522 1243 633 1307 sed
685 1243 850 1308 mira
910 1244 1203 1328 paucitas
1259 1247 1360 1308 est
1412 1247 1479 1307 et
1531 1265 1666 1328 eas,
1731 1264 1895 1327 quae
1951 1246 2122 1326 sunt,

192 1333 387 1397 valde
444 1332 631 1396 aiunt
681 1332 890 1417 queri,
945 1333 1118 1417 quod
1169 1332 1336 1397 nihil
1390 1332 1690 1416 cuiquam
1741 1331 2122 1395 insidiarum

193 1422 267 1485 in
310 1442 462 1486 mea
507 1421 841 1505 provincia
865 1421 1012 1487 ·nisi
1064 1421 1187 1486 sibi
1240 1421 1381 1506 fiat3
1434 1421 1654 1505 itaque
1708 1419 2122 1485 constituisse

199 1511 508 1575 dicuntur
559 1509 631 1574 in
685 1507 941 1575 Cariam
1005 1531 1084 1575 ex
1136 1514 1362 1577 nostra
1414 1508 1748 1594 provincia
1802 1508 2121 1573 decedere.

199 1597 327 1664 Sed
372 1603 599 1663 tamen
643 1599 864 1665 sedulo
910 1599 1005 1684 fit,
1050 1603 1117 1665 et
1161 1601 1233 1664 in
1267 1600 1493 1684 primis
1530 1621 1569 1663 a
1607 1598 1893 1663 Patisco:
1941 1598 2121 1682 quid·

198 1688 358 1771 quid
403 1687 545 1771 erit,
589 1687 713 1752 tibi
758 1688 897 1773 erit,
942 1688 1074 1773 sed,
1119 1688 1274 1773 quid
1320 1690 1515 1772 esset,
1558 1689 1752 1772 plane
1796 1687 2122 1752 nescieba-

200 1799 362 1842 mus.
463 1775 630 1841 Mihi
683 1777 1046 1842 mehercule
1097 1798 1376 1865 magnae
1432 1799 1620 1842 curae
1676 1779 1776 1841 est
1828 1776 2121 1842 aedilitas

198 1871 341 1931 tua.
408 1866 548 1951 ipse
613 1866 749 1931 dies
802 1879 904 1932 me
960 1868 1378 1952 admonebat,
1441 1867 1668 1951 scripsi
1726 1866 1900 1931 enim
1959 1866 2122 1931 haec

198 1956 361 2040 ipsis
408 1954 908 2041 Megalensibus.
1000 1956 1100 2021 Tu
1144 1957 1340 2022 velim
1392 1957 1476 2021 ad
1521 1977 1623 2020 me
1679 1956 1757 2020 de
1804 1956 1983 2021 omni
2027 1955 2122 2020 rei

100 2037 118 2051 ³
198 2044 501 2129 publicae
555 2047 732 2109 statu
785 2066 980 2129 quam
1042 2045 1534 2131 diligentissime
1596 2044 1983 2129 perscribas;
2045 2065 2124 2108 ea

201 2134 379 2198 enim
428 2133 786 2198 certissima
827 2134 1093 2219 putabo,
1139 2156 1304 2219 quae
1350 2156 1429 2199 ex
1471 2138 1539 2199 te
1587 2154 1891 2219 cognoro.

1083 2346 1233 2412 XII.

202 2477 318 2532 Scr.
351 2476 415 2531 in
445 2476 643 2532 Cilicia
669 2493 858 2532 mense
886 2475 1046 2532 Iunio
1077 2478 1247 2546 (inter
1272 2478 1416 2532 Non.
1448 2478 1506 2531 et
1523 2475 1589 2530 V.
1610 2475 1758 2544 Kal.)
1788 2492 1836 2529 a.
1859 2494 1911 2529 ιι.
1934 2493 1979 2531 c.
2004 2482 2120 2531 704.

364 2619 442 2674 M,
477 2617 736 2674 CICERO
765 2618 911 2672 IMP.
942 2572 1001 2674 S.
1026 2618 1091 2674 D.
1120 2618 1195 2673 M.
1226 2616 1487 2674 CAELIO
1516 2616 1766 2672 AEDILI
1793 2617 1953 2673 CUR.

338 2736 670 2804 Sollicitus
725 2737 1021 2822 equidem
1076 2758 1253 2801 eram
1309 2735 1387 2799 de
1432 2735 1623 2800 rebus
1678 2736 1969 2801 urbanis:
2031 2735 2126 2799 ita
2165 2751 2193 2798 1

197 2828 644 2892 tumultuosae
710 2826 1080 2909 concioneS,
1149 2825 1244 2889 ita
1315 2825 1624 2890 molestae
1684 2822 2124 2908 Quinquatrus

201 2916 643 2981 afferebantur
687 2952 772 2962 —
818 2937 972 2979 nam
1021 2914 1319 2980 citeriora
1371 2913 1662 2979 nondum
1708 2912 2124 2977 audiebamus

201 3030 318 3087 -ς
364 3004 481 3070 sed
524 3008 745 3069 tamen
789 3004 955 3068 nihil
998 3025 1102 3067 me
1145 3002 1356 3088 magis
1395 3000 1786 3067 sollicitabat
1826 3023 2020 3085 quam
2055 3002 2127 3066 in

199 3093 283 3160 iis
326 3091 642 3160 molestiis
686 3115 825 3159 non
869 3114 991 3177 me,
1035 3092 1092 3157 si
1137 3111 1301 3176 quae
1337 3090 1607 3155 ridenda
1642 3093 1877 3175 essent,
1919 3090 2126 3155 ridere

342 3340 448 3411 Ep.
489 3347 573 3408 11,
597 3347 644 3395 1.
708 3340 919 3409 possim
957 3343 1008 3394 et
1041 3338 1242 3392 soleam
1277 3335 1411 3404 (M.)
1483 3335 1761 3403 possimus
1788 3338 1839 3388 et
1862 3334 2128 3388 soleamus

201 3411 264 3466 B.
307 3428 376 3467 ex
415 3411 592 3467 altero
628 3411 704 3466 M.
742 3411 1000 3481 exemplo
1038 3411 1335 3489 (possemus
1371 3410 1421 3459 et
1454 3406 1719 3471 solemus).
1809 3402 1913 3473 Ep.
1955 3407 2036 3466 12,
2078 3406 2125 3451 1.

201 3483 265 3538 in
303 3484 377 3538 iis
415 3484 536 3539 mol.
577 3483 688 3552 (W.
727 3498 797 3538 ex
835 3429 942 3536 altp.
971 3481 1046 3535 M.
1086 3481 1213 3549 ex.).
1287 3478 1352 3531 in
1386 3475 1577 3531 hism.
1614 3473 1745 3527 ΜΒ.
