2338 3691
731 147 1252 220 EmsToLARUM
1287 146 1354 203 v.
1392 153 1474 203 ιι.
1932 147 2057 211 137

173 292 444 357 materies
489 293 689 379 digna
730 293 1040 358 facultate
1094 296 1164 357 et
1217 292 1405 376 copia
1456 296 1599 376 tua3
1657 313 1697 357 a
1740 291 2057 377 principio
2095 304 2132 354 4

174 381 324 445 enim
349 382 810 447 coniurationis
834 403 1038 466 usque
1067 382 1150 447 ad
1176 381 1457 446 reditum
1484 384 1783 446 nostrum
1807 380 2063 445 videtur

173 468 312 534 mihi
367 471 692 536 modicum
754 470 1076 555 quoddam
1131 490 1365 554 corpus
1421 470 1650 535 confici
1712 490 1929 554 posse,
1989 470 2062 535 in

173 578 283 640 quo
339 562 404 623 et
468 560 586 623 illa
656 559 898 644 poteris
957 559 1058 623 uti
1129 558 1414 623 civilium
1484 558 2064 623 commutationum

173 646 415 724 scientia
465 649 573 713 vel
634 648 707 711 in
760 647 1151 732 explicandis
1212 647 1422 713 causis
1474 668 1692 712 rerum
1746 667 2064 712 novarum

171 735 316 799 vel
295 757 363 800 m
404 736 707 801 remediis
751 736 1326 821 incommodorum,
1371 757 1569 820 quum
1614 737 1681 800 et
1722 735 2063 819 reprehen—

174 821 268 887 des
308 845 399 909 ea,
443 846 613 909 quae
649 825 1076 909 vituperanda
1113 825 1325 909 duces,
1370 829 1453 909 et,
1497 845 1662 909 quae
1697 824 2066 926 placebunt,

174 914 544 997 exponendis
596 913 959 979 rationibus
1013 933 1159 979 com
1203 913 1493 997 tombis,
1538 917 1629 998 et,
1685 913 1740 978 si
1783 912 2066 999 liberius,

173 1003 237 1064 ut
273 1002 623 1086 consuesti,
685 1002 1010 1088 agendum
1061 1023 1106 1087 p
1221 1002 1350 1087 bis,
1411 1002 1764 1067 multorum
1815 1002 1886 1065 in
1941 1023 2066 1068 nos

173 1089 508 1176 perfidiam,
570 1091 868 1176 insidiae,
928 1090 1363 1175 proditionem
1413 1092 1692 1157 notabis.
1788 1089 2067 1156 Multam

174 1177 347 1243 etiam
407 1201 598 1245 casus
660 1181 869 1246 nostri
939 1181 1320 1245 varietatem
1392 1180 1514 1245 tibi
1584 1181 1656 1244 in
1728 1179 2066 1246 scribendo

177 1268 663 1352 suppeditabunt
723 1270 984 1353 plenam
1047 1268 1380 1334 cuiusdam
1449 1269 1831 1353 voluptatis,
1903 1289 2067 1353 quae

175 1356 565 1422 vehementer
602 1358 852 1423 animos
887 1357 1279 1423 hominum
1260 1378 1331 1421 m
1365 1357 1640 1443 legendo
1674 1360 1792 1422 tuo
1827 1358 2068 1441 scripto

176 1444 426 1510 retmere
469 1446 707 1531 possit3
750 1446 916 1511 nihil
961 1449 1060 1511 est
1104 1447 1278 1511 enim
1319 1446 1538 1531 aptius
1583 1446 1665 1509 ad
1702 1445 2067 1510 delectatio-

178 1552 307 1597 nem
338 1535 601 1601 lectoris
638 1556 835 1619 quam
860 1538 1226 1619 temporum
1260 1536 1606 1600 varietates
1640 1534 2070 1637 fortunaeque

179 1620 653 1688 vicissitudines.
716 1645 882 1707 quae
947 1624 1068 1688 etsi
1129 1623 1320 1689 nobis
1385 1624 1702 1708 optabiles
1759 1624 1830 1687 in
1885 1644 2069 1709 expe—

180 1709 376 1776 riendo
420 1732 566 1777 non
607 1712 889 1796 fuerunt,
931 1712 1003 1776 in
1045 1712 1322 1798 legendo
1357 1714 1578 1777 tamen
1615 1716 1806 1799 erunt
1847 1713 2070 1778 iucun-

182 1796 305 1885 dae,
344 1800 551 1867 habet
593 1802 766 1866 enim
803 1802 1137 1886 praeteriti
1173 1801 1414 1867 doloris
1451 1822 1675 1867 secura
1711 1802 2070 1868 recordatio

185 1886 680 1975 delectationem3
724 1891 951 1956 ceteris
996 1912 1149 1957 vero
1192 1891 1375 1955 nulla
1409 1891 1764 1975 perfunctis
1808 1892 2070 1976 propria
2108 1900 2142 1951 5

183 1979 479 2064 molestia,
537 2000 725 2044 casus
778 1983 994 2044 autem
1048 1980 1295 2045 alienos
1342 1980 1479 2044 sine
1524 1980 1659 2045 ullo
1713 1979 1932 2045 dolore
1977 1980 2074 2044 ιιι-

184 2067 497 2133 tuentibus
523 2068 764 2132 etiam
744 2090 889 2152 ipsa
913 2068 1350 2133 misericordia
1378 2072 1477 2133 est
1501 2068 1799 2132 iucunda.
1871 2067 2076 2144 Quem

187 2155 335 2219 enim
375 2159 677 2222 nostrum
728 2157 836 2221 ille
889 2158 1173 2222 moriens
1228 2157 1400 2242 apud
1453 2155 1854 2221 Mantineam
1904 2156 2075 2241 Epa·

186 2243 511 2310 minondas
559 2266 697 2311 non
748 2267 897 2310 cum
949 2246 1229 2330 quadam
1281 2245 1693 2311 miseratione
1757 2245 2077 2309 delectat?

189 2333 281 2413 qui
320 2337 459 2398 tum
507 2334 782 2418 denique
828 2334 951 2399 sibi
997 2335 1185 2399 evelli
1229 2334 1409 2398 iubet
1445 2334 1779 2419 spiculum,
1822 2338 2076 2419 postea·
2091 2332 2094 2335 ’

190 2439 360 2502 quam
411 2423 471 2488 ei
529 2423 939 2507 percontanti
992 2422 1236 2488 dictum
1288 2426 1388 2487 est
1439 2423 1718 2507 clipeum
1771 2444 1908 2488 esse
1954 2424 2077 2487 sal—

190 2528 339 2594 vum,
379 2515 469 2576 ut
500 2511 696 2575 etiam
739 2512 811 2575 ιιι
844 2512 1128 2576 vulneris
1176 2511 1395 2576 dolore
1434 2532 1638 2595 aequo
1676 2512 1893 2576 animo
1930 2531 2076 2576 cum

191 2561 357 2663 laude
409 2603 793 2665 moreretur..
872 2597 1070 2665 Cuius
1134 2598 1419 2665 studium
1478 2600 1551 2664 ιιι
1612 2600 1887 2685 legendo
1940 2621 2078 2665 non

195 2691 454 2752 erectum
515 2688 558 2768 †
586 2686 1008 2753 Themistocli
1075 2688 1239 2774 fuga
1308 2688 1644 2772 redituque
1714 2688 2080 2752 retinetur?

195 2775 410 2841 etenim
454 2777 613 2843 ordo
656 2776 796 2865 ipse
841 2777 1176 2842 annalium
1228 2776 1637 2843 mediocriter
1677 2798 1799 2841 nos
1842 2776 2082 2840 retinet

198 2865 360 2944 quasi
410 2867 891 2931 enumeratione
952 2866 1301 2932 fastorum.
1356 2870 1425 2930 at
1467 2865 1590 2931 viri
1635 2880 1825 2948 saepe
1878 2865 2082 2928 excel-

196 2946 368 3018 lentis
410 2955 721 3040 ancipites
765 2954 1052 3039 variique
1089 2975 1277 3020 casus
1310 2955 1558 3020 habent
1591 2952 2083 3019 admirationem

319 3144 417 3216 Ep.
467 3152 557 3216 12,
594 3153 644 3202 4.
714 3147 956 3218 leyendo
1004 3151 1100 3201 tuo
1142 3147 1291 3216 scrip
1292 3148 1378 3200 to
1390 3147 1621 3201 retinere
1665 3142 2084 3221 (Or.).1eqem

204 3211 306 3293 dote
336 3218 530 3288 scripto
565 3222 660 3273 ret.
697 3218 773 3272 M.
848 3217 1129 3288 leyendo[
1129 3222 1181 3272 te
1214 3218 1449 3286 scriptor
1535 3221 1630 3271 ret.
1668 3215 1714 3269 Β
1752 3146 1855 3283 (sic
1882 3214 2079 3270 Graev.

205 3281 307 3340 sine
345 3289 535 3359 uncis).
583 3319 651 3329 -
697 3290 1132 3353 delectationem
1186 3289 1437 3355 ceteris(
1666 3285 2082 3340 delectationem.

612 3356 660 3414 5.
717 3365 948 3416 erectum
981 3363 1017 3426 †
1033 3357 1378 3412 Themistocli
1523 3374 1561 3411 a
1605 3355 1887 3424 redituque
1930 3352 2039 3419 (W.
2043 3355 2082 3420 ).

206 3437 267 3477 “-
304 3427 394 3484 Th
530 3430 1135 3502 mmwfflerrar)
1173 3430 1275 3482 aut
1309 3443 1380 3481 er.
1418 3358 1524 3480 Τὲ
1570 3426 1764 3479 exsilio
1799 3426 1900 3477 aut
1932 3421 2083 3474 Alci-

208 3432 838 3568 biudisfubammw
565 3503 849 3569 redituque
886 3500 1075 3569 (Soli.)
1148 3514 1224 3553 er.
1266 3497 1367 3551 Th.
1408 3498 1445 3551 f.
1485 3496 1594 3550 red.
1633 3493 1763 3548 ΜΒ.
