2338 3691
234 125 316 188 16
795 128 868 180 Μ’.
908 125 1154 180 TULLII
1193 125 1575 182 CICERONIS

226 270 581 335 amicitiam
626 270 872 353 licebit3
919 292 1082 354 quae
1129 271 1301 336 enim
1346 271 1680 355 proposita
1723 272 1984 337 fuerant
2027 294 2152 338 no-

227 359 355 442 bis,
401 380 618 442 ,quum
672 362 738 423 et
799 359 1154 425 honoribus
1220 360 1630 444 amplissimis
1695 363 1761 424 et
1814 360 2152 426 laboribus

229 447 524 512 maximis
578 447 901 532 perfuncti
965 470 1274 530 essemuS,
1338 448 1620 534 dignitas
1675 447 1746 512 in
1806 450 2154 514 sententiis

231 535 535 620 dicendis»,
579 536 843 601 libertas
887 537 958 600 in
1003 558 1070 600 re
1118 536 1377 620 publica
1418 537 1829 621 capessenda,
1875 559 1951 601 ea
1997 539 2152 602 sub-

230 625 366 689 lata
400 628 541 689 tota
582 629 751 708 sunt,
787 646 907 689 nec
943 625 1102 689 mihi
1137 625 1345 710 magis
1384 647 1579 709 quam
1620 625 1945 709 omnibuS‚
1988 647 2154 691 nam

231 717 346 777 aut
398 713 877 778 assentiendum
932 716 1033 778 est
1093 714 1276 778 nulla
1331 734 1477 778 cum
1540 714 1857 798 gravitate
1920 716 2153 798 paucis

156 812 194 860 4
232 804 346 866 aut
389 802 631 866 frustra
667 801 1192 867 dissentiendum.
1263 800 1443 866 Haec
1489 822 1610 887 ego
1658 802 1740 866 ad
1775 805 1839 866 te
1878 801 1962 866 ob
2002 824 2154 868 eam

231 911 489 955 causam
535 891 809 955 maxime
856 890 1092 974 scribo,
1150 893 1227 955 ut
1268 891 1400 954 iam
1445 890 1522 954 de
1575 893 1691 954 tua
1744 911 1998 974 quoque
2046 913 2152 956 ra-

229 978 407 1042 tione
453 980 775 1044 meditere.
865 978 1278 1044 Commutata
1320 981 1463 1044 tota
1506 978 1672 1043 ratio
1719 982 1818 1043 est
1862 983 2154 1065 senatuS,

126 1118 141 1129 .
229 1066 628 1151 iudiciorum,
663 1068 756 1131 rei
793 1068 992 1133 totius
1020 1068 1340 1151 publicae:
1381 1068 1583 1132 otium
1609 1067 1798 1132 nobis
1836 1071 2151 1152 exoptan-

231 1155 383 1220 dum
429 1159 553 1239 est,
598 1154 771 1240 quod
815 1156 888 1238 ii,
933 1156 1044 1240 qui
1088 1157 1427 1241 potiuntur
1471 1177 1710 1239 rerum,
1755 1159 2150 1240 praestaturi

230 1244 556 1328 videntur,
611 1245 666 1308 si
712 1244 972 1329 quidam
1016 1244 1311 1309 homines
1355 1244 1706 1328 patientius
1762 1266 1985 1309 eorum
2029 1268 2149 1329 po-

229 1333 503 1397 tentiam
556 1333 723 1398 ferre
777 1333 1134 1417 potuerint3
1200 1333 1581 1418 dignitatem
1644 1333 1901 1416 quidem
1960 1333 2148 1398 illam

231 1423 634 1487 consularem
686 1422 875 1488 fortis
929 1426 995 1487 et
1048 1422 1407 1487 constantis
1463 1421 1779 1486 senatoris
1832 1421 1995 1485 nihil
2039 1426 2145 1486 est

231 1510 403 1593 quod
450 1511 831 1596 cogitemus:
879 1511 1115 1575 amissa
1160 1511 1351 1594 culpa
1395 1512 1495 1574 est
1521 1531 1761 1592 eorum,
1806 1510 1916 1594 qui
1961 1531 2000 1573 a
2046 1531 2144 1574 se·

231 1602 391 1662 natu
438 1602 504 1662 et
547 1598 838 1663 ordinem
885 1599 1479 1664 coniunctissimum
1526 1601 1593 1662 et
1643 1598 1971 1662 hominem
2016 1599 2145 1663 cla-

159 1695 194 1743 5
231 1685 555 1750 rissimum
609 1687 1076 1751 abalienarunt.
1175 1685 1326 1771 Sed,
1379 1690 1454 1752 ut
1492 1686 1580 1751 'ad
1627 1708 1729 1771 ea,
1782 1707 1945 1770 quae
1993 1707 2144 1751 con·

232 1774 551 1838 iunctiora
595 1775 785 1840 rebus
830 1776 959 1840 tuis
1006 1778 1182 1859 sunt,
1236 1778 1545 1858 revertar,
1589 1774 1967 1859 Pompeium
2021 1775 2147 1840 tibi

233 1863 417 1927 valde
464 1864 739 1928 amicum
786 1886 922 1929 esse
960 1865 1236 1949 cognovi
1282 1868 1347 1929 et
1393 1887 1468 1930 eo
1505 1868 1579 1928 tu
1617 1864 1895 1945 consule,
1941 1885 2144 1948 quan-

232 1954 373 2015 tum
426 1973 548 2036 ego
603 1954 946 2037 perspicio,
1011 1955 1255 2040 omnia,
1310 1975 1473 2037 quae
1537 1953 1740 2035 voles,
1802 1951 2147 2038 obtinebiS‚

233 2040 466 2123 quibus
510 2041 582 2104 in
626 2041 817 2107 rebus
863 2062 964 2105 me
1011 2042 1133 2105 sibi
1178 2031 1285 2106 ille
1333 2042 1596 2105 affixum
1631 2003 1899 2105 habebit
1932 2062 2146 2125 neque

233 2150 273 2191 a
317 2150 419 2192 me
465 2129 621 2193 ulla
642 2152 763 2213 reS,
809 2135 971 2214 quae
1009 2130 1090 2194 ad
1126 2134 1193 2194 te
1229 2131 1568 2215 pertineat,
1612 2129 1994 2231 negligetur,
2029 2150 2146 2193 ne-

235 2238 356 2301 que
404 2217 577 2281 enim
620 2220 913 2301 verebor,
967 2240 1049 2283 ne
1105 2220 1226 2283 sim
1272 2219 1331 2282 ei
1375 2219 1709 2302 molestu8‚
1764 2218 1866 2282 cui
1918 2218 2147 2283 iucun-

234 2305 387 2369 dum
448 2306 569 2370 erit
622 2308 817 2372 etiam
869 2310 1135 2391 propter
1189 2329 1257 2371 se
1310 2308 1549 2391 ipsum,
1604 2328 1802 2391 quum
1855 2327 1958 2370 me
2003 2328 2149 2372 esse

160 2414 197 2461 6
235 2399 493 2479 gratum
539 2395 797 2461 videbit.
871 2396 970 2460 Tu
1016 2396 1208 2460 velim
1251 2396 1370 2460 tibi
1414 2396 1507 2459 ita
1552 2394 1955 2480 persuadea8‚
2001 2397 2150 2460 nul·

234 2484 364 2547 lam
410 2505 546 2547 rem
592 2506 730 2549 esse
774 2485 1124 2568 minimam,
1169 2505 1332 2569 quae
1379 2483 1461 2547 ad
1494 2487 1559 2548 te
1596 2483 1935 2568 pertineat,
1979 2504 2151 2567 quae

234 2572 395 2635 mihi
440 2593 575 2637 non
621 2574 827 2638 carior
873 2573 958 2637 sit
1012 2594 1205 2655 quam
1258 2594 1438 2637 meae
1492 2592 1593 2636 res
1649 2592 1897 2655 omnes,
1950 2570 2151 2654 idque

237 2682 437 2744 quum
491 2663 790 2744 sentiam,
846 2660 1184 2725 sedulitate
1237 2660 1530 2725 mihimet
1580 2661 1718 2744 ipse
1775 2659 2153 2725 satisfacere

235 2771 524 2832 possum,
578 2771 646 2814 re
702 2750 958 2833 quidem
1010 2749 1154 2832 ipsa
1206 2749 1349 2813 ideo
1405 2749 1565 2813 mihi
1609 2770 1745 2814 non
1798 2747 2154 2834 satisfaci0‚

237 2837 409 2921 quod
453 2838 700 2903 nullam
744 2839 995 2921 partem
1038 2841 1300 2902 tuorum
1344 2836 1719 2902 meritorum
1770 2858 1907 2902 non
1949 2836 2152 2903 modo

235 2924 596 3011 referenda,
656 2926 768 2990 sed
821 2947 902 2990 ne
958 2926 1305 3011 cogitanda
1358 2926 1614 3010 quidem
1669 2926 1880 3010 gratia
1925 2945 2154 2990 conse-

162 3024 196 3071 ’1
238 3014 348 3096 qui
403 3036 683 3098 possum.
781 3014 945 3078 Rem
1005 3017 1072 3079 te
1126 3015 1312 3079 valde
1376 3014 1537 3079 bene
1598 3013 1872 3099 gessisse
1926 3035 2154 3079 rumor

236 3104 399 3185 erat3
445 3103 981 3186 exspectabantur
1014 3104 1267 3168 litterae
1302 3106 1472 3187 tuae,
1508 3102 1586 3167 de
1624 3102 1855 3186 quibus
1892 3123 2153 3167 eramus

235 3190 366 3254 iam
430 3212 576 3254 cum
637 3190 943 3277 Pompeio
1007 3193 1233 3272 locuti,
1296 3212 1460 3275 quae
1524 3191 1579 3255 si
1643 3193 1833 3255 erunt
1894 3190 2154 3275 allatae,

233 3280 531 3343 nostrum
577 3279 859 3344 studium
905 3280 1182 3345 exstabit
1215 3280 1287 3344 in
1324 3277 1777 3346 conveniendis
1810 3278 2155 3363 magistra·

376 3469 480 3539 Ep.
520 3476 568 3537 8,
608 3476 656 3523 3.
723 3472 1013 3540 proposita
1048 3472 1276 3534 fuerunt
1304 3471 1475 3540 (W.)?
