2338 3691
66 3618 187 3630 *-

287 142 410 208 178
845 142 921 196 Μ.
961 142 1209 196 TULLII
1246 140 1630 198 CICERONIS

849 347 963 409 Scr.
1000 355 1213 409 Romae
1250 370 1300 408 a.
1337 372 1393 409 ιι.
1432 372 1478 409 c.
1512 360 1626 410 708.

417 462 634 528 Antea
669 463 988 528 misissem
1024 463 1105 527 ad
1141 467 1207 528 te
1235 463 1502 548 litteraS,
1541 465 1597 528 si
1633 483 1840 549 genus
1877 464 2202 529 scribendi

240 597 245 602 -
282 552 667 636 invenirem3
723 551 843 616 tali
888 551 1061 616 enim
1103 555 1394 635 tempore
1440 556 1555 617 aut
1599 552 1920 618 consolari
1964 553 2206 618 amico-

283 663 429 706 rum
456 644 556 705 est
592 644 706 706 aut
730 640 1043 725 polliceri:
1093 641 1536 707 consolatione
1571 662 1709 707 non
1742 642 1990 725 utebar,
2029 641 2201 726 quod

285 752 364 795 ex
407 730 629 794 multis
667 729 1024 814 audiebam,
1068 751 1264 814 quam
1296 730 1554 794 fortiter
1590 730 2043 815 sapienterque
2077 730 2202 794 fer·

284 840 388 884 res
423 818 727 883 iniuriam
760 821 1125 902 temporum
1162 840 1481 903 quamque
1506 821 1573 883 te
1600 818 2018 884 vehementer
2054 839 2202 885 con-

286 908 605 973 solaretur
658 907 1053 972 conscientia
1104 906 1429 972 factorum
1483 910 1549 971 et
1593 908 2014 973 consiliorum
2061 911 2199 973 tuo·

283 1018 458 1080 rum;
511 995 683 1080 quod
729 996 987 1080 quidem
1042 995 1098 1060 si
1139 993 1330 1080 facis,
1380 1016 1695 1082 magnum
1736 996 2026 1061 fructum
2073 999 2195 1061 stu·

287 1085 537 1150 diorum
584 1084 977 1168 optimorum
1022 1084 1217 1169 capis,
1259 1085 1331 1148 in
1376 1085 1608 1169 quibus
1652 1088 1718 1149 te
1765 1105 2020 1169 semper
2068 1085 2197 1150 scio

286 1195 425 1239 esse
470 1177 814 1258 versatum,
856 1173 1049 1258 idque
1093 1176 1171 1237 ut
1201 1172 1404 1238 facias
1442 1174 1637 1238 etiam
1673 1177 1866 1259 atque
1903 1174 2105 1238 etiam
2138 1177 2203 1238 te

216 1275 249 1325 5
285 1262 528 1328 hortor.
619 1260 825 1327 Simul
869 1265 936 1326 et
978 1261 1137 1326 illud
1182 1262 1331 1342 tibi,
1373 1262 1623 1326 homini
1667 1262 2063 1347 peritissimo
2109 1283 2202 1326 re·

285 1373 430 1416 rum
483 1354 552 1416 et
601 1351 1039 1435 exemplorum
1102 1353 1171 1415 et
1222 1351 1434 1415 omnis
1490 1351 1859 1435 vetustatis,
1921 1373 2009 1416 ne
2063 1352 2201 1436 ipse

288 1440 546 1526 quidem
590 1440 796 1523 rudis,
848 1439 960 1504 sed
1004 1439 1075 1503 in
1120 1439 1334 1505 studio
1389 1439 1602 1504 minus
1646 1440 1949 1525 fortasse,
2006 1461 2202 1524 quam

286 1530 534 1612 vellem,
571 1529 646 1593 in
679 1529 871 1594 rebus
909 1530 1102 1612 atque
1136 1549 1262 1592 usu
1285 1528 1434 1613 plus
1471 1528 1684 1611 etiam,
1721 1551 1914 1613 quam
1950 1530 2201 1612 vellem,

287 1621 579 1682 versatus
617 1616 923 1702 spondeo,
957 1616 1078 1681 tibi
1113 1617 1308 1683 istam
1345 1617 1759 1682 acerbitatem
1795 1621 1861 1682 et
1894 1617 2198 1683 iniuriam

287 1727 424 1771 non
460 1705 833 1770 diuturnam
863 1705 1032 1788 fore3
1067 1726 1223 1769 nam
1260 1708 1328 1770 et
1362 1706 1518 1791 ipse,
1554 1706 1665 1790 qui
1700 1706 2054 1789 plurimum
2089 1727 2198 1789 po-

286 1796 433 1879 test,
469 1793 755 1878 quotidie
790 1793 951 1858 mihi
987 1754 1201 1860 delabi
1237 1794 1318 1859 ad
1356 1795 1744 1880 aequitatem
1774 1798 1840 1860 et
1874 1795 1958 1860 ad
1986 1815 2196 1860 rerum
2281 1831 2286 1838 ·

285 1885 590 1948 naturam
630 1882 884 1947 videtur
928 1886 994 1947 et
1035 1883 1181 1968 ipsa
1215 1904 1410 1948 causa
1445 1905 1522 1948 ea
1559 1887 1673 1968 est,
1716 1887 1793 1949 ut
1833 1884 1969 1948 iam
2008 1884 2198 1949 simul

288 1993 435 2036 cum
477 1993 548 2036 re
591 1971 868 2073 publica,
913 1993 1075 2055 quae
1119 1972 1192 2036 1ι“ι
1235 1976 1618 2056 perpetuum
1659 1973 1867 2038 iacere
1902 1994 2043 2038 non
2089 1994 2198 2056 po·

287 2063 434 2145 test,
477 2061 838 2125 necessario
882 2060 1239 2125 revivescat
1273 2064 1466 2146 atque
1500 2064 1839 2145 recreetur,
1884 2059 2196 2146 quotidie·

289 2170 412 2233 que
440 2148 680 2233 aliquid
714 2150 793 2213 fit
826 2149 1035 2214 lenius
1072 2152 1139 2213 et
1171 2149 1519 2235 liberaliuS,
1555 2172 1749 2234 quam
1782 2111 2198 2215 timebamus:

288 2258 452 2321 quae
507 2238 813 2322 quoniam
866 2238 937 2302 in
995 2241 1363 2321 temporum
1422 2238 1953 2304 inclinationibus
2009 2258 2198 2323 saepe

286 2327 505 2411 parvis
557 2326 773 2410 posita
826 2329 1006 2411 sunt,
1060 2327 1280 2391 omnia
1331 2331 1661 2393 momenta
1713 2327 2198 2393 observabimus

288 2436 495 2499 neque
531 2415 735 2480 ullum
770 2415 1355 2500 praetermittemus
1388 2416 1490 2480 tui
1522 2415 1785 2481 iuvandi
1831 2419 1898 2481 et
1939 2415 2198 2481 levandi

221 2496 254 2566 θ’
290 2504 522 2569 locum.
610 2502 838 2589 Itaque
882 2502 1043 2568 illud
1088 2503 1380 2588 alterum,
1425 2504 1597 2588 quod
1643 2504 1792 2588 dixi,
1833 2505 2198 2569 litterarum

289 2613 494 2679 genus
522 2593 807 2678 quotidie
833 2592 1011 2675 mihi,
1038 2594 1113 2656 ut
1137 2613 1346 2676 spero,
1371 2591 1486 2657 fiet
1509 2592 1874 2678 proclivius,
1900 2595 1978 2657 ut
2003 2594 2198 2658 etiam

288 2682 579 2768 polliceri
615 2682 880 2767 possim.
924 2680 992 2746 id
1026 2702 1097 2745 re
1134 2702 1330 2765 quam
1363 2681 1575 2747 verbis
1600 2681 1838 2747 faciam
1870 2681 2195 2747 libentius.

290 2771 389 2837 Tu
416 2771 610 2836 velim
637 2770 959 2835 existimes
988 2771 1056 2834 et
1079 2769 1297 2853 plures
1332 2773 1398 2834 te
1436 2770 1675 2835 amicos
1709 2769 1967 2855 habere,
2005 2790 2195 2855 quam

290 2860 402 2945 qui
445 2861 516 2925 in
560 2859 701 2925 isto
734 2880 888 2923 casu
943 2857 1074 2922 sint
1127 2879 1204 2923 ac
1246 2858 1516 2944 fuerint,
1570 2862 1885 2943 quantum
1939 2857 2196 2943 quidem

290 2970 412 3035 ego
445 2948 834 3051 ‘intelligere
886 2946 1237 3031 potuerim,
1297 2950 1365 3012 et
1416 2968 1519 3012 me
1573 2948 1921 3013 concedere
1974 2968 2195 3012 eorum

289 3036 550 3102 nemini.
645 3035 909 3102 Fortem
960 3035 1065 3100 fac
1118 3036 1405 3100 animum
1457 3036 1698 3101 habeas
1752 3039 1818 3100 et
1869 3056 2195 3121 magnum,

292 3125 465 3209 quod
509 3129 608 3190 est
648 3125 720 3190 in
764 3147 896 3191 uno
940 3127 1032 3190 te:
1087 3146 1251 3209 quae
1297 3127 1451 3190 sunt
1492 3125 1564 3190 in
1606 3125 1899 3209 fortuna,
1950 3128 2192 3208 tempo·

290 3213 468 3278 ribus
511 3216 819 3298 regentur
862 3216 930 3279 et
973 3213 1258 3279 consiliis
1302 3214 1545 3279 nostris
1590 3213 2115 3298 providebantur.

430 3419 736 3489 Ep.10‚.5
809 3422 1007 3489 vellem,
1041 3423 1285 3493 in(W..)
1356 3439 1427 3490 v„
1464 3421 1800 3494 [etJinOr.‚
1826 3422 1891 3478 Β.
1960 3420 2192 3478 metis·

282 3488 368 3543 Μ.
439 3497 490 3544 6.
535 3491 703 3558 potui
739 3490 907 3558 (W)·?
969 3495 1247 3560 potuerim
1278 3493 1372 3562 M,
1408 3495 1596 3566 vulgo.
