2338 3691
140 1594 203 1640 10

247 103 335 168 84
809 105 886 160 Μ.
926 102 1173 159 TULLII
1210 103 1587 161 CICERONIS

245 250 730 317 honoratissimi
758 251 1144 337 coniunctio,
1182 251 1361 318 cuius
1391 274 1543 337 opes
1581 252 1934 338 ingenium,
1969 252 2157 318 liberi

247 340 476 404 affines
528 340 876 425 propinqui
937 342 1097 413 mihi
1159 363 1397 427 magno
1462 341 1563 406 vel
1618 344 1999 407 ornamento
2055 344 2158 409 vel

245 429 563 512 praesidio
610 451 747 494 esse
792 430 1102 513 possent?
1158 452 1320 514 quae
1366 434 1584 495 tamen
1639 451 1760 516 ego
1817 431 2034 496 omnia
2088 432 2159 497 in

247 518 603 601 expetenda
667 518 949 584 amicitia
1009 522 1125 583 tua
1187 541 1323 584 11011
1380 520 1620 585 astutia
1686 520 1989 603 quadam,
2044 522 2156 584 sed

245 606 463 689 aliqua
524 606 741 691 potius
797 608 1115 692 sapientia
1180 611 1434 673 secutus
1500 630 1684 676 sum..
1769 606 1978 685 Quid?
2042 610 2158 674 illa
2241 641 2254 654 ·

244 695 518 779 vincula,
547 696 777 780 quibus
808 696 1063 780 quidem
1089 696 1511 761 libentissime
1541 697 1883 782 astringor,
1911 702 2159 782 quanta

245 785 422 848 sunt!
481 784 840 850 studiorum
895 785 1271 869 similitudo,
1328 787 1608 850 suavitas
1654 787 2158 871 consuetudiniS,

245 872 584 937 delectatio
631 874 802 939 vitae
848 878 1040 958 atque
1086 875 1311 957 victuS,
1357 875 1669 940 sermonis
1714 875 2006 960 societas,
2051 876 2156 940 lit-

242 964 418 1025 terae
463 961 819 1027 interiores.
920 961 1135 1047 Atque
1189 963 1349 1028 haec
1403 964 1777 1029 domestica:
1833 964 1985 1048 quid
2040 965 2158 1030 illa

242 1050 505 1114 tandem
548 1050 929 1135 popularia?
983 1051 1226 1116 reditus
1280 1052 1547 1118 illustris
1599 1052 1683 1125 in*
1725 1054 2028 1138 gratiam,
2085 1055 2156 1118 in

243 1159 370 1221 quo
417 1160 501 1203 ne
545 1161 661 1224 per
695 1140 1195 1223 imprudentiam
1232 1141 1488 1224 quidem
1524 1141 1722 1205 errari
1758 1144 1977 1225 potest
2013 1142 2154 1207 sine

243 1228 605 1312 suspicione
641 1228 963 1313 perfidiae,
1000 1229 1377 1312 amplissimi
1416 1230 1755 1302 sacerdotii
1792 1232 2153 1316 collegium,

240 1316 312 1380 in
357 1339 484 1401 quo
538 1339 674 1382 11011
729 1318 920 1383 1110ᾶο
987 1318 1334 1382 amicitiam
1378 1319 1605 1383 violari
1650 1319 1821 1402 apud
1874 1320 2152 1385 maiores

241 1409 498 1472 nostros
543 1407 643 1470 fas
679 1426 816 1471 11011
853 1408 1007 1490 erat,
1053 1406 1164 1470 sed
1200 1429 1283 1472 ne
1321 1408 1610 1491 cooptari
1650 1407 1908 1491 quidem
1946 1430 2152 1473 sacer·

243 1493 459 1559 dotem
502 1495 757 1578 licebat,
803 1495 913 1578 qui
960 1495 1259 1579 cuiquam
1303 1517 1380 1559 ex
1408 1496 1677 1581 collegio
1725 1500 1895 1561 esset
1939 1497 2150 1562 inimi-

241 1604 370 1647 cus.
444 1582 620 1659 Quae
665 1585 741 1646 ut
787 1583 1081 1647 omittam
1117 1587 1256 1649 tam
1290 1586 1495 1649 multa
1531 1587 1724 1669 atque
1764 1589 1968 1670 tanta,
2008 1588 2150 1670 quis

239 1693 545 1755 umquam
606 1671 776 1735 tanti
839 1692 1225 1755 quemquam
1286 1672 1441 1737 fecit
1502 1676 1617 1737 aut
1667 1673 1879 1738 facere
1933 1676 2150 1757 potuit

240 1762 354 1824 aut
389 1759 627 1840 debuit,
664 1760 890 1842 quanti
926 1780 1046 1845 ego
1086 1758 1202 1825 Cn.
1238 1759 1633 1847 Pompeium,
1670 1783 1961 1827 socerum
1996 1767 2148 1829 tuae

237 1849 452 1913 filiae?
541 1847 830 1932 Etenim,
887 1848 943 1913 si
986 1850 1217 1914 merita
1261 1853 1504 1935 valent,
1548 1852 1845 1938 patriam,
1887 1853 2147 1939 liberos,

239 1939 539 2021 salutem,
584 1937 993 2039 dignitatem,
1046 1942 1284 2003 memet
1326 1940 1539 2023 ipsum
1592 1940 1752 2005 mihi
1804 1961 1919 2024 per
1961 1906 2150 2008 illuni

236 2028 606 2091 restitutum
649 2029 835 2110 put03
891 2027 945 2091 si
1001 2029 1482 2093 consuetudinis
1535 2029 1926 2113 iucunditaS,
1982 2053 2147 2134 quae

236 2115 363 2179 fuit
414 2136 721 2199 umquam
776 2116 1058 2180 amicitia
1113 2117 1547 2187 consularium
1601 2119 1672 2182 in
1714 2122 1941 2183 nostra
1997 2120 2148 2185 civi-

235 2207 370 2268 tate
417 2204 861 2269 coniunctior‘?
917 2206 973 2269 si
1016 2205 1129 2268 illa
1176 2206 1412 2270 amoris
1458 2210 1651 2290 atque
1697 2207 1895 2272 officii
1940 2208 2148 2294 signa,

237 2293 390 2377 quid
452 2292 612 2357 mihi
673 2293 781 2357 ille
844 2314 979 2359 non
1044 2294 1408 2360 commisit?
1482 2295 1635 2379 quid
1696 2317 1830 2361 non
1893 2318 2147 2362 mecum

236 2381 777 2447 communicavit?
841 2382 994 2467 quid
1049 2382 1127 2447 de
1183 2405 1249 2447 se
1312 2383 1383 2447 in
1438 2386 1692 2467 senatu,
1754 2405 1952 2468 quum
2006 2386 2145 2470 ipse

235 2471 505 2555 abesset,
548 2492 664 2554 per
709 2493 1094 2555 quemquam
1140 2473 1249 2556 agi
1292 2472 1564 2537 maluit?
1611 2435 1841 2556 qdibus
1886 2474 1995 2538 ille
2042 2497 2145 2539 me

233 2560 424 2624 rebus
487 2580 623 2624 11011
688 2562 988 2625 ornatum
1053 2581 1190 2624 esse
1245 2561 1451 2625 voluit
1514 2561 1948 2645 amplissime?
2016 2586 2146 2648 qua

236 2649 507 2733 denique
553 2648 661 2711 ille
706 2647 1036 2730 facilitate,
1082 2670 1210 2732 qua
1252 2648 1654 2714 humanitate
1691 2651 1843 2714 tulit
1878 2654 2146 2717 conten-

231 2739 477 2804 tionem
513 2757 718 2801 meam
751 2757 868 2820 pro
897 2734 1140 2801 Milone
1181 2736 1557 2803 adversante
1594 2739 1917 2803 interdum
1946 2742 2147 2807 actio·

231 2828 422 2892 nibus
471 2825 646 2891 suis?
703 2847 828 2909 quo
877 2825 1086 2891 studio
1132 2826 1441 2911 providit,
1483 2849 1566 2891 ne
1614 2842 1775 2912 quae
1821 2850 1924 2892 me
1968 2830 2144 2895 illius

230 2915 540 3000 temporis
567 2914 809 2979 invidia
837 2915 1204 3000 attingeret,
1241 2937 1438 2999 quum
1473 2937 1575 2980 me
1613 2916 1900 3001 consili0,
1942 2940 2145 3002 quum

233 3004 641 3088 auctoritate,
697 3025 895 3088 quum
942 3004 1135 3068 armis
1191 3003 1463 3088 denique
1507 3005 1669 3069 texit
1723 3004 1898 3070 suis?
1992 3007 2143 3084 Qui-

230 3091 352 3155 bus
399 3092 655 3175 quidem
698 3093 1095 3176 temporibus
1149 3093 1311 3159 haec
1362 3094 1434 3158 in
1492 3115 1567 3160 eo
1614 3094 1925 3180 gravitas,
1978 3095 2143 3162 haec

385 3319 487 3388 Ep.
530 3326 610 3386 10,
642 3326 753 3374 10.
799 3328 1053 3378 ornatum
1089 3339 1197 3378 esse
1231 3325 1406 3380 voluit
1444 3323 1561 3394 (Or.
1600 3324 1781 3396 conj).
1853 3326 2142 3381 ornatissi-

231 3405 377 3443 mum
421 3407 469 3443 v.
517 3389 591 3443 M.
684 3407 746 3444 01
748 3397 938 3446 natum
981 3411 1030 3448 v.
1082 3394 1258 3463 Crat,
1304 3395 1365 3449 Β.
1430 3426 1493 3436 -—
1554 3396 1767 3452 Milone
1820 3396 2142 3455 adversante

235 3459 440 3527 (Vict.)
517 3460 624 3527 M.,
661 3462 1031 3521 adversantem
1067 3466 1197 3520 ΜΒ.
