2338 3691
695 142 1215 199 EPISTOLARUM
1251 141 1319 196 V.
1361 149 1442 197 15.
1483 150 1565 197 16.
1966 142 2096 205 145

217 308 383 371 quam
426 309 671 373 semper
714 289 785 352 in
828 311 936 353 ore
983 294 1180 373 atque
1234 289 1307 351 in
1351 288 1567 353 animo
1614 288 1851 352 habere
1908 286 2096 351 debe·

214 398 359 461 mus,
416 377 706 442 homines
760 399 880 442 nos
933 381 1009 442 ut
1064 400 1203 442 esse
1258 377 1763 460 meminerimuS,
1824 398 1899 441 ea
1952 378 2096 462 lege

213 468 378 529 natos
384 516 403 550 ,
453 469 525 530 ut
569 466 869 531 omnibus
914 466 1062 531 telis
1106 467 1410 532 fortunae
1454 466 1789 551 proposita
1835 466 1919 530 sit
1961 466 2098 529 vita

210 558 425 637 nostra,
466 576 677 640 neque
721 576 860 620 esse
906 555 1351 639 recusandum,
1398 577 1525 639 quo
1571 555 1786 619 minus
1832 576 1925 640 ea,
1971 576 2098 639 qua

211 642 331 705 nati
373 665 603 727 sumus,
651 644 1029 710 condicione
1073 646 1384 728 vivamuS,
1428 664 1589 708 neve
1635 648 1771 708 tam
1817 645 2100 730 graviter

207 752 305 795 eos
346 753 523 797 casus
567 734 874 818 feramuS,
920 756 1080 817 quos
1125 735 1305 798 nullo
1345 733 1614 816 consilio
1655 733 1859 797 vitare
1896 734 2098 818 possi-

212 841 358 904 mus,
409 823 782 907 eventisque
828 823 1101 888 aliorum
1154 823 1465 888 memoria
1517 821 1882 905 repetendis
1936 822 2101 886 nihil

210 910 487 975 accidisse
532 912 691 977 novi
736 912 926 976 nobis
972 912 1357 998 cogitemus3
1403 910 1514 976 sed
1551 932 1758 995 neque
1794 911 1954 977 haec
1991 933 2099 975 ne·
2139 917 2172 965 3

212 1018 316 1081 que
359 1003 604 1065 ceterae
653 1002 1153 1085 consolationes,
1214 1022 1377 1086 quae
1426 1003 1579 1065 sunt
1624 1022 1663 1063 a
1709 1001 2101 1084 sapientissi-

208 1087 314 1151 mis
363 1089 512 1153 viris
542 1093 919 1174 ·usurpatae
974 1091 1446 1173 memoriaeque
1503 1089 1737 1154 litteris
1791 1090 2102 1174 proditae,

210 1178 441 1241 tantum
493 1178 800 1243 videntur
843 1179 1152 1264 proficere
1208 1179 1464 1262 debere,
1523 1182 1839 1262 quantum
1894 1182 2101 1243 status

210 1263 329 1348 ipse
369 1272 635 1333 nostrae
680 1268 958 1333 civitatis
1006 1271 1072 1332 et
1104 1268 1265 1333 haec
1301 1267 1702 1352 perturbatio
1738 1270 2099 1351 temporum

211 1354 614 1442 perditorum,
669 1379 869 1441 quum
919 1358 1275 1423 beatissimi
1321 1358 1478 1441 sint,
1533 1355 1644 1440 qui
1687 1356 1924 1421 liberos
1970 1377 2107 1421 non

213 1448 637 1529 susceperunt,
682 1447 897 1510 minus
944 1449 1160 1512 autem
1204 1447 1448 1530 miseri,
1504 1445 1613 1530 qui
1657 1445 1759 1509 his
1803 1445 2105 1529 tempori-

214 1529 317 1597 bus
359 1536 738 1619 amiserunt,
794 1557 989 1619 quam
1043 1536 1097 1600 si
1143 1536 1402 1601 eosdem
1446 1535 1621 1599 bona
1675 1538 1790 1598 aut
1834 1534 2105 1619 denique

216 1620 406 1705 aliqua
455 1646 525 1688 re
593 1624 852 1708 publica
906 1625 1354 1709 perdidissent.
1455 1621 1639 1698 Quod
1695 1624 1750 1687 si
1802 1627 1988 1688 tuum
2040 1627 2107 1688 te
2144 1635 2178 1684 4

217 1708 578 1778 desiderium
623 1716 841 1778 movet
885 1717 999 1778 aut
1045 1717 1099 1779 si
1141 1722 1404 1780 tuarum
1452 1733 1666 1776 rerum
1713 1713 2106 1797 cogitatione

218 1818 453 1887 maeres,
489 1824 629 1868 non
654 1802 843 1867 facile
872 1803 1196 1869 exhauriri
1222 1804 1344 1869 tibi
1375 1802 1575 1867 istum
1603 1801 1891 1868 dolorem
1916 1824 2107 1887 posse

218 1889 563 1956 universum
610 1895 796 1977 put03
842 1893 946 1957 sin
987 1894 1103 1958 illa
1145 1897 1213 1958 te
1247 1915 1350 1959 res
1388 1891 1647 1976 cruciat,
1692 1913 1856 1976 quae
1897 1893 2105 1978 magis

219 1980 430 2044 amoris
474 1984 604 2065 est,
649 1983 723 2045 ut
768 2002 1016 2066 eorum,
1071 1983 1182 2067 qui
1228 1983 1624 2064 occiderunt,
1677 1981 1968 2045 miserias
2013 1982 2107 2045 lu-

219 2086 376 2152 geas,
427 2072 503 2133 ut
549 2091 628 2133 ea
671 2092 806 2134 non
853 2071 1088 2155 dicam,
1134 2093 1298 2155 quae
1345 2070 1714 2153 saepissime
1761 2074 1827 2134 et
1869 2070 1999 2155 legi
2046 2074 2111 2134 et

220 2156 428 2241 audivi,
472 2158 641 2223 nihil
684 2159 841 2223 mali
885 2181 1024 2225 esse
1068 2161 1140 2224 in
1185 2164 1412 2244 morte,
1454 2161 1525 2224 in
1571 2181 1698 2243 qua
1744 2159 1799 2222 si
1833 2159 2111 2223 resideat

219 2265 441 2331 sensuS,
484 2248 939 2313 immortalitas
975 2250 1089 2314 illa
1123 2250 1341 2333 potius
1379 2271 1574 2333 quam
1609 2270 1782 2313 mors
1820 2248 2111 2312 ducenda

218 2332 316 2418 sit,
374 2335 475 2400 sin
540 2336 626 2400 sit
687 2337 988 2422 amissus,
1049 2339 1231 2402 nulla
1293 2339 1495 2403 videri
1554 2337 1810 2402 miseria
1863 2336 2111 2420 debeat,

219 2442 363 2505 quae
406 2445 544 2490 non
590 2427 932 2511 sentiatur,
985 2427 1111 2492 hoc
1152 2431 1374 2492 tamen
1432 2448 1567 2492 non
1613 2425 1916 2491 dubitans
1962 2447 2111 2491 con·

220 2509 452 2578 firmare
499 2536 792 2599 possum,
844 2538 921 2580 ea
975 2515 1256 2600 misceri,
1308 2516 1551 2600 parari,
1605 2514 1974 2599 impendere
2017 2515 2113 2578 rei

221 2601 514 2686 publicae,
558 2625 721 2687 quae
769 2605 880 2688 qui
924 2605 1272 2689 reliquerit,
1315 2606 1497 2670 nullo
1539 2604 1730 2669 modo
1778 2603 1936 2667 mihi
1977 2604 2111 2686 qui-

223 2687 351 2754 dem
395 2693 696 2776 deceptus
734 2714 873 2757 esse
908 2693 1228 2777 videatur3
1276 2693 1427 2778 quid
1465 2697 1564 2758 est
1600 2693 1771 2758 enim
1807 2693 1938 2756 iam
1976 2713 2113 2756 non

224 2779 395 2844 modo
441 2781 690 2866 pudori,
733 2783 1063 2867 probitati,
1106 2782 1350 2866 virtuti,
1395 2783 1586 2846 rectis
1634 2781 1880 2864 studiis,
1923 2780 2113 2845 bonis

226 2868 451 2934 artibus
460 2921 477 2954 ,
539 2871 650 2935 sed
708 2872 973 2936 omnino
1026 2870 1314 2935 libertati
1370 2892 1443 2935 ac
1487 2871 1695 2935 'saluti
1745 2869 1916 2934 loci?
1980 2889 2116 2933 non

227 2955 562 3024 mehercule
593 2981 979 3044 quemquam
1007 2959 1223 3025 audivi
1259 2959 1385 3024 hoc
1421 2959 1800 3045 gravissimo
1831 2961 1896 3021 et
1921 2958 2113 3042 pesti-

226 3040 558 3114 lentissimo
617 3070 789 3114 anno
846 3048 1395 3114 adolescentulum
1450 3052 1564 3112 aut
1624 3068 1894 3131 puerum
1946 3069 2114 3112 mor-

228 3132 411 3221 tuum,
455 3139 561 3222 qui
606 3139 766 3202 mihi
810 3160 947 3204 non
991 3161 1031 3204 a
1076 3137 1175 3202 dis
1220 3136 1690 3202 immortalibus
1736 3138 1993 3219 ereptus
2039 3156 2117 3198 ex

357 3365 451 3438 Ep.
493 3377 575 3437 16,
613 3377 662 3425 2.
737 3370 1054 3438 coqitemus;
1099 3366 1193 3420 sed
1236 3379 1405 3431 neque
1449 3363 1578 3415 haee
1625 3361 1774 3427 (W).
1847 3369 1905 3413 c.·
1929 3357 2138 3423 Neque*

234 3433 320 3490 hae
351 3439 436 3508 M„
470 3442 657 3512 vulgo.
732 3447 781 3494 4.
820 3439 1103 3504 mov-tesia
1138 3452 1251 3505 qua
1289 3432 1432 3495 (edd.
1472 3432 1653 3499 vett).
1727 3445 1796 3482 m.
1826 3433 1875 3481 et
1900 3442 2010 3494 qua
2040 3424 2114 3475 M.

235 3522 312 3575 mu
342 3530 404 3567 ex
435 3533 542 3585 qua
580 3513 826 3584 Bengel.,
864 3512 924 3565 B.

332 3599 540 3647 ciceroni·
568 3605 696 3654 epist.
725 3605 749 3642 Ι
1628 3589 1693 3636 10
