2338 3691
98 856 174 963 10

198 105 329 171 568
765 106 841 161 Μ.
879 105 1127 161 TULLII
1162 105 1545 162 CICERONIS

199 250 430 318 studiis
465 253 532 316 et
569 250 816 316 artibus
843 272 981 315 esse
1018 250 1307 335 adeptos,
1343 272 1507 334 quae
1546 252 1681 316 sint
1705 252 1898 318 nobis
1925 250 2135 318 Grae—

200 340 336 406 ciae
373 340 808 405 monumentis
845 338 1325 424 disciplinisque
1352 339 1610 404 tradita.
1684 340 1894 416 Quare
1933 363 2134 425 prae·

198 431 300 494 ter
344 448 750 493 communem
793 426 1003 511 fidem,
1048 450 1212 512 quae
1257 428 1558 493 omnibus
1604 429 1890 514 debetur,
1933 451 2130 513 prae-

199 520 378 581 terea
438 536 561 581 nos
622 516 732 582 isti
793 516 1130 581 hominum
1196 517 1417 601 generi
1453 518 1821 602 ‘praecipue
1884 518 2131 583 debere

200 604 508 688 videmur,
551 608 644 689 ut,
681 626 955 689 quorum
989 606 1350 690 praeceptis
1387 626 1609 672 sumus
1646 606 1898 689 eruditi,
1942 607 2127 690 apud

201 714 312 760 eos
373 693 577 778 ipsos,
640 694 813 778 quod
877 694 960 758 ab
1023 694 1104 758 iis
1167 693 1574 759 didicerimus
1587 745 1607 779 ,
1677 695 1946 759 velimus
2016 717 2125 758 ex-

245 803 511 848 romere.

198 804 244 867 P
333 869 549 954 Atque
591 871 701 935 ille
747 870 1004 954 quidem
1038 870 1338 956 princeps
1375 872 1623 957 ingenii
1668 874 1735 935 et
1778 872 2119 936 doctrinae

119 922 387 1024 ²²9Plato
431 963 572 1024 tum
617 959 891 1043 denique
935 959 1076 1024 fore
1115 960 1340 1025 beatas
1376 981 1480 1024 res
1515 960 1806 1044 publicas
1841 961 2123 1043 putavit,

202 1047 254 1111 si
304 1051 418 1111 aut
460 1048 634 1112 docti
688 1050 755 1111 et
808 1048 1132 1149 sapientes
1184 1048 1481 1113 homines
1534 1070 1643 1113 eas
1696 1069 1918 1133 regere
1971 1069 2117 1113 coe-

199 1136 448 1219 pissent
510 1140 625 1201 aut
676 1136 752 1220 ii,
813 1137 926 1220 qui
970 1140 1295 1221 regerent,
1358 1146 1548 1202 omne
1594 1158 1783 1201 suum
1829 1137 2117 1201 studium

199 1224 270 1289 in
316 1224 609 1290 doctrina
653 1227 720 1290 et
765 1225 1083 1309 sapientia
1128 1226 1578 1291 collocassent:
1632 1225 1803 1289 hanc
1848 1225 2115 1289 coniun-

201 1313 483 1378 ctionem
526 1313 822 1378 videlicet
864 1314 1207 1397 potestatis
1243 1317 1309 1378 et
1348 1314 1701 1398 sapientiae
1740 1314 1932 1378 saluti
1969 1334 2114 1377 cen-

203 1402 334 1466 suit
379 1402 745 1467 civitatibus
791 1423 931 1467 esse
974 1423 1194 1486 posse3
1238 1402 1409 1486 quod
1444 1402 1720 1467 fortasse
1767 1402 2113 1485 aliquando

201 1491 537 1556 universae
591 1492 684 1555 rei
737 1491 1031 1575 publicae
1085 1493 1374 1574 nostrae,
1427 1513 1603 1555 nunc
1657 1491 1913 1574 quidem
1968 1511 2114 1574 pro-

201 1578 371 1645 fecto
418 1580 528 1644 isti
563 1579 930 1664 provinciae
968 1579 1261 1664 contigit,
1305 1582 1381 1643 ut
1413 1579 1469 1643 is
1509 1579 1581 1645 in
1617 1601 1760 1643 eam
1797 1600 2114 1643 summam

201 1670 592 1751 potestatem
635 1668 931 1751 haberet,-
984 1668 1086 1732 cui
1131 1668 1202 1731 in
1247 1667 1568 1751 doctrina,
1614 1668 1717 1732 cui
1760 1668 1832 1733 in
1876 1668 2114 1732 virtute

203 1759 396 1839 atque
441 1757 843 1821 humanitate
896 1756 1310 1841 percipienda
1360 1757 1709 1839 plurimum
1755 1778 1795 1820 a
1838 1755 2115 1840 pueritia

122 1870 175 1911 so
204 1844 402 1910 studii
445 1844 676 1910 fuisset
719 1849 786 1910 et
827 1844 1156 1929 temporis.
1244 1842 1455 1920 Quare
1500 1867 1679 1929 cura,
1733 1849 1810 1910 ut
1850 1844 1957 1909 hic
2001 1866 2114 1908 an-

202 1954 344 2085 {²33²
380 1933 1210 2106 ἓὲἷέρὶὲἷὲἑὲἓξῖἓὲἑ
1256 1934 1556 2087 ἴῗὲἓὲἳῗέ
1602 1933 2115 2098 ίᾶξῗοὲῗαῗζ

202 2113 268 2173 te
313 2108 649 2174 retinendo
696 2109 823 2174 fuit
866 2108 1028 2174 Asia
1071 2110 1346 2193 felicior,
1400 2132 1594 2194 quam
1637 2131 1759 2175 nos
1803 2112 1875 2174 in
1920 2110 2110 2174 dedu·

203 2197 436 2282 cend0,
506 2198 768 2283 perfice,
839 2201 914 2262 ut
981 2198 1231 2263 laetitia
1291 2199 1658 2283 provinciae
1731 2199 2114 2264 desiderium

203 2291 499 2353 nostrum
542 2287 848 2370 leniatu13
893 2287 1149 2370 etenim,
1196 2287 1249 2350 si
1284 2287 1356 2350 in
1396 2287 1841 2371 promerendo,
1885 2290 1960 2351 ut
1992 2286 2113 2349 tibi

201 2376 373 2440 tanti
415 2375 698 2441 honores
740 2375 1159 2458 haberentur,
1205 2376 1431 2459 quanti
1475 2375 1650 2440 haud
1695 2376 1827 2440 scio
1875 2397 1959 2439 an
2003 2395 2111 2437 ne·

203 2463 383 2545 mini,
420 2463 604 2528 fuisti
640 2464 930 2529 omnium
964 2463 1512 2548 diligentissimus,
1551 2464 1761 2528 multo
1806 2464 2113 2528 maiorem

202 2551 275 2617 in
317 2551 398 2616 iis
437 2551 795 2617 honoribus
829 2552 1089 2616 tuendis
1114 2551 1419 2617 adhibere
1456 2552 1857 2638 diligentiam
1902 2551 2112 2616 debes.

122 2655 176 2698 ⁸1
204 2638 523 2724 Equidem
586 2639 664 2706 de
718 2640 844 2705 isto
909 2660 1144 2725 genere
1204 2639 1526 2705 honorum
1581 2640 1734 2724 quid
1794 2641 2112 2723 sentirem,

206 2729 434 2814 scripsi
479 2728 561 2793 ad
604 2732 671 2794 te
716 2732 895 2794 antez
949 2749 1202 2812 semper
1255 2749 1366 2793 eos
1410 2730 1662 2813 putavi,
1716 2729 1772 2793 si
1816 2730 2111 2815 vulgares

204 2821 447 2901 essent,
491 2818 677 2902 viles,
718 2818 776 2882 si
818 2817 1128 2900 temporis
1175 2837 1370 2882 causa
1413 2818 1983 2900 constituerentur,
2025 2818 2110 2890 le·

202 2928 341 2990 ves3
395 2906 450 2971 si
501 2927 681 2991 vero,
741 2905 808 2970 id
864 2903 1036 2988 quod
1080 2905 1176 2969 ita
1217 2905 1463 2970 factum
1518 2910 1642 2989 est,
1693 2906 1940 2971 meritis
1983 2904 2140 2969 tuis=

202 2995 657 3077 tribuerentur,
702 2993 1150 3058 existimabam
1195 2994 1466 3059 multam
1508 2993 1631 3058 tibi
1673 2994 1744 3057 in
1787 2994 1867 3058 iis
1911 2993 2108 3058 hono·

343 3218 446 3287 Ep.
487 3226 544 3288 1,
581 3226 664 3275 28.
738 3236 878 3290 quae
919 3225 1052 3274 swnt
1097 3221 1257 3275 nobis
1302 3220 1399 3275 Gr
1448 3220 1619 3289 (W.)?
1668 3251 1735 3260 —
1789 3220 1961 3274 simus
1994 3236 2108 3273 eru-

203 3303 311 3355 diti
356 3305 575 3385 aeneo?
674 3313 760 3362 29
814 3313 880 3362 ut
920 3309 971 3362 is
1013 3309 1079 3362 in
1128 3324 1247 3363 eam
1301 3308 1450 3377 (w.)
1541 3313 1605 3361 ut
1647 3309 1699 3362 is
1740 3307 1806 3361 in
1857 3325 1923 3363 θα
1976 3307 2107 3376 (ΜΗ)

203 3372 392 3508 3213)
405 3374 469 3426 in
512 3390 578 3430 ea
619 3377 809 3447 vulgo.
901 3383 984 3432 80.
1032 3380 1096 3433 in
1141 3379 1216 3433 iis
1250 3378 1545 3434 honoribus
1592 3378 1737 3445 (W..)
1831 3378 1896 3433 in
1938 3377 2024 3431 his
2057 3378 2106 3432 h.
