2338 3691
413 901 1036 987 EPISTOLA
1089 900 1189 1001 Q.
1248 900 1921 985 CICERONIS

286 1042 432 1118 DE
512 1042 1168 1118 ΡΕΤΙΤΙΟΝΕ
1264 1042 2037 1117 CONSULATUS

789 1180 912 1247 AD
958 1180 1047 1246 M.
1090 1179 1536 1246 FRATREM.
1667 1199 1670 1200 f

605 1494 925 1563 QUINTUS
961 1496 1211 1551 MARCO
1251 1496 1524 1551 FRATRI
1561 1496 1615 1551 S.
1651 1496 1718 1551 D.

139 1593 166 1697 ᾖ
337 1603 483 1670 Etsi
523 1606 642 1670 tibi
678 1606 896 1670 omnia
941 1607 1297 1689 suppetunt
1341 1626 1434 1690 ea,
1469 1627 1634 1688 quae
1671 1603 1977 1688 consequi
2022 1604 2115 1667 in-

207 1694 398 1780 genio
455 1697 570 1759 aut
621 1716 743 1759 usu
802 1694 1099 1758 homines
1161 1694 1206 1773 †
1260 1697 1373 1758 aut
1427 1693 1764 1779 diligentia
1825 1696 2115 1777 possunt,

203 1788 423 1849 tamen
478 1804 695 1849 amore
749 1786 972 1848 nostro
1028 1803 1165 1847 non
1220 1804 1363 1848 sum
1425 1781 1710 1847 alienum
1768 1782 2116 1847 arbitratus

205 1873 287 1936 ad
332 1879 396 1936 te
442 1873 834 1955 perscribere
881 1893 975 1956 ea,
1021 1893 1184 1955 quae
1230 1871 1391 1935 mihi
1434 1871 1784 1935 veniebant
1826 1870 1899 1935 in
1942 1892 2113 1934 men-

203 1964 336 2024 tem
382 1960 516 2023 dies
564 1981 641 2024 ac
684 1964 907 2025 noctes
954 1961 1032 2025 de
1077 1960 1390 2044 petitione
1434 1962 1550 2024 tua
1595 1959 1939 2044 cogitanti,
1982 1980 2116 2023 non

203 2051 277 2112 ut
321 2047 562 2130 aliquid
609 2069 687 2111 ex
729 2048 809 2112 iis
854 2049 1008 2113 novi
1063 2048 1449 2130 addiscereS,
1503 2047 1614 2112 sed
1667 2051 1745 2112 ut
1796 2069 1900 2131 ea,
1953 2069 2114 2130 quae

201 2137 273 2200 in
306 2157 375 2200 re
414 2136 703 2220 dispersa
731 2139 923 2220 atque
960 2136 1218 2200 infinita
1253 2136 1624 2201 viderentur
1662 2157 1819 2220 esse,
1863 2136 2113 2200 ratione

202 2227 270 2289 et
296 2224 749 2289 distributione
779 2225 897 2289 sub
926 2246 1057 2289 uno
1088 2227 1353 2308 aspectu
1379 2228 1791 2309 ponerentur.
1859 2220 2113 2310 [Quam-

202 2335 396 2396 quam
457 2313 805 2397 plurimum
877 2317 1112 2377 natura
1174 2314 1379 2396 valet,
1449 2317 1669 2377 tamen
1729 2313 1983 2377 videtur
2046 2312 2114 2375 in

200 2422 553 2485 paucorum
588 2423 883 2466 mensum
919 2401 1182 2486 negotio
1220 2422 1409 2484 posse
1448 2400 1770 2465 simulatio
1814 2404 2114 2464 naturam

200 2485 495 2574 vincere]
590 2487 832 2553 Civitas
888 2511 1051 2572 quae
1106 2488 1193 2552 sit
1245 2489 1488 2575 cogita,
1542 2489 1694 2573 quid
1739 2492 1922 2573 petas
1933 2539 1950 2571 ,
2005 2488 2114 2571 qui

148 2594 174 2632 2
203 2578 307 2641 sis.
396 2575 605 2660 Prope
653 2577 936 2661 quotidie
981 2578 1102 2641 tibi
1145 2577 1271 2641 hoc
1318 2578 1399 2641 ad
1443 2578 1658 2642 forum
1703 2576 2116 2641 descendenti

202 2665 641 2729 meditandum
713 2669 835 2730 est:
906 2687 1149 2749 „novus
1225 2688 1394 2749 sum,
1466 2666 1873 2730 consulatum
1946 2668 2115 2749 pet0,

199 2752 409 2818 Roma
455 2752 607 2818 est.“
684 2752 984 2818 Nominis
1030 2753 1386 2818 novitatem
1433 2753 1684 2817 dicendi
1730 2754 1940 2838 gloria
1983 2775 2113 2816 ma-

198 2842 366 2905 xime
414 2842 802 2906 sublevabis:
849 2863 1100 2926 semper
1137 2863 1214 2905 ea
1247 2863 1349 2906 res
1386 2842 1733 2926 plurimum
1776 2842 2113 2927 dignitatis

198 2929 453 3013 habuit3
516 2951 652 2994 non
704 2932 946 3014 potest,
1011 2931 1121 3013 qui
1177 2930 1411 3016 dignus
1468 2930 1744 2994 habetur
1798 2934 2112 3014 patronus

201 3017 661 3101 consularium,
718 3017 1026 3103 indignus
1082 3019 1421 3083 consulatu
1467 3019 1701 3102 putari.
1793 3018 2112 3094 Quamob-

199 3127 362 3188 rem,
418 3107 723 3189 quoniam
769 3107 850 3170 ab
896 3106 1019 3170 hac
1073 3106 1263 3170 laude
1318 3107 1740 3190 proficisceris
1787 3110 1879 3191 et,
1934 3106 2112 3190 quid-

199 3193 352 3274 quid
399 3215 486 3277 es,
529 3215 609 3258 ex
650 3194 775 3258 hoc
812 3215 899 3278 eS,
943 3195 1038 3258 ita
1072 3199 1338 3279 paratus
1376 3196 1458 3259 ad
1497 3195 1837 3259 dicendum
1874 3196 2114 3278 venitO,

341 3415 399 3473 1,
429 3418 476 3465 1.
539 3422 835 3483 suppetwnt
888 3435 976 3486 ea,
1031 3436 1172 3488 quae
1221 3420 1325 3490 (cd.
1365 3420 1509 3486 Erf.‚
1547 3419 1725 3488 Crat„
1763 3421 1870 3487 V.).
1941 3436 2012 3489 3.,
2058 3438 2106 3489 q.

195 3475 385 3543 vulgo·
426 3507 490 3518 —-
529 3500 595 3536 ac
630 3487 919 3554 diligentia
944 3505 1008 3557 p.
1045 3490 1215 3559 (W.)?
1287 3492 1376 3544 An
1413 3491 1538 3561 [aut
1572 3491 1651 3562 d.]
1679 3507 1741 3559 p.
1781 3492 1950 3561 (W.)?

65 3602 149 3636 K
