2338 3691
244 143 376 207 624
806 143 880 198 Μ.
924 142 1168 198 TULLII
1207 141 1586 198 CICERONIS

245 292 312 354 et
365 309 625 374 prorsus
679 287 772 352 ita
823 288 952 353 fuit
1004 290 1071 352 et
1120 291 1342 353 tamen
1384 287 1495 351 ille
1547 288 1843 372 plausus,
1896 290 2009 373 qui
2061 289 2151 354 illi

166 392 219 433 ιι
245 376 462 460 datur,
519 376 797 459 quodam
841 376 1033 441 modo
1079 376 1267 442 nobis
1321 375 1576 441 videtur
1626 375 1787 441 dari.
1877 374 2152 442 Reddita

245 465 440 530 etiam
493 463 653 529 mihi
707 467 805 528 est
857 467 1155 548 pervetus
1211 464 1510 548 epistola,
1572 464 1685 529 sed
1740 485 1884 530 sero
1938 465 2150 548 allata,

243 553 314 616 in
368 573 495 635 qua
548 550 625 616 de
690 551 844 617 aede
890 551 1163 619 Telluris
1227 556 1293 617 et
1354 552 1433 616 de
1491 552 1745 637 porticu
1791 550 2007 618 Catuli
2051 574 2149 617 me

243 640 576 705 admones:
631 640 709 704 fit
750 643 1091 725 utrumque
1139 640 1509 726 diligentem
1564 640 1646 705 ad
1692 639 1970 706 Telluris
2018 642 2147 725 qui·

243 727 389 793 dem
441 728 635 792 etiam
689 731 869 793 tuam
925 732 1209 794 statuam
1260 728 1484 794 locavi.
1582 727 1748 794 Item
1812 729 1893 794 de
1946 728 2148 795 hortis

243 836 345 880 me
394 816 565 899 quod
613 816 947 899 admones,
999 838 1118 882 nec
1161 817 1259 882 fui
1303 837 1609 901 umquam
1654 816 1838 881 valde
1883 817 2149 901 cupidus

244 907 313 967 et
356 925 530 969 nunc
578 906 803 970 domus
858 905 1229 989 suppeditat
1285 904 1443 970 mihi
1486 905 1824 970 hortorum
1870 906 2149 971 amoeni·

243 994 461 1056 tatem.
571 991 845 1058 Romam
910 1015 1108 1077 quum
1172 993 1488 1059 venissem
1561 1015 1618 1058 a.
1683 994 1742 1058 d.
1802 1010 1945 1059 1111.
2007 993 2150 1059 Kal.

243 1078 571 1164 Octobres,
615 1082 982 1146 absolutum
1028 1081 1266 1147 offendi
1310 1082 1382 1146 in
1417 1081 1682 1147 aedibus
1723 1082 1853 1148 tuis
1889 1085 2150 1166 tectum,

241 1169 414 1252 quod
460 1191 656 1253 supra
698 1170 1026 1235 conclavia
1070 1190 1206 1235 non
1249 1171 1580 1253 placuerat
1630 1170 1752 1234 tibi
1806 1190 1946 1236 esse
1991 1172 2149 1236 mul-

243 1260 460 1322 torum
486 1258 921 1343 fastigiorum:
959 1258 1024 1322 id
1061 1279 1238 1323 nunc
1263 1259 1534 1324 honeste
1561 1259 1772 1344 vergit
1809 1258 1882 1323 in
1907 1263 2150 1325 tectum

242 1345 565 1411 inferioris
609 1346 912 1429 porticus.
985 1344 1207 1412 Cicero
1252 1350 1491 1430 noster,
1539 1347 1692 1411 dum
1735 1367 1855 1432 ego
1904 1347 2150 1430 absum,

242 1454 376 1498 non
440 1435 714 1499 cessavit
774 1435 944 1518 apud
1017 1435 1365 1500 rhetorem:
1438 1434 1518 1499 de
1589 1435 1726 1499 eius
1790 1436 2149 1501 eruditione

242 1521 413 1605 quod
439 1522 714 1605 labores,
740 1523 905 1588 nihil
933 1526 1048 1606 est,
1076 1523 1384 1607 quoniam
1418 1523 1754 1607 ingenium
1793 1523 1930 1588 eius
1957 1525 2148 1608 nosti,

242 1610 525 1675 studium
569 1630 690 1695 ego
737 1611 949 1693 vide03
994 1613 1208 1686 cetera
1252 1611 1387 1676 eius
1431 1611 1521 1676 sic
1567 1610 1874 1695 suscipio,
1928 1615 2005 1676 ut
2048 1634 2148 1677 me

242 1701 459 1781 putem
505 1701 832 1782 praestare
879 1699 1126 1763 debere.

374 1784 718 1853 Gabinium
780 1790 911 1853 tres
983 1787 1196 1855 adhuc
1255 1788 1570 1855 factiones
1642 1789 2004 1873 postulant:
2076 1788 2146 1855 L.

241 1874 572 1958 Lentulus,
617 1875 895 1940 flaminis
940 1877 1135 1960 filius,
1194 1877 1304 1961 qui
1348 1878 1479 1941 iam
1531 1877 1609 1942 de
1655 1879 1990 1943 maiestate
2035 1901 2145 1962 po-

241 1962 531 2044 stulavit3
585 1962 679 2027 Ti.
768 1962 944 2030 Nero
1000 1986 1145 2029 cum
1203 1965 1392 2030 bonis
1448 1965 2016 2049 subscriptoribus3
2079 1965 2146 2031 C.

238 2049 579 2115 Memmius
624 2051 922 2117 tribunus
957 2054 1046 2136 pl.
1081 2074 1228 2119 cum
1268 2052 1339 2117 L.
1369 2051 1699 2138 Capitone.
1771 2053 1876 2118 Ad
1922 2055 2145 2119 urbem

239 2139 509 2203 accessit
561 2160 617 2204 a.
673 2139 732 2202 d.
777 2157 892 2204 xn.
947 2140 1090 2205 Kal.
1154 2139 1438 2206 Octobr.:
1501 2141 1665 2206 nihil
1719 2143 1970 2226 turpius
2027 2164 2145 2208 nec

239 2226 580 2310 desertius3
651 2227 762 2292 sed
825 2229 926 2293 his
987 2229 1238 2295 iudiciis
1308 2229 1474 2294 nihil
1540 2229 1745 2294 audeo
1808 2230 2145 2296 confidere.

240 2314 425 2390 Quod
479 2313 640 2381 Cato
695 2337 832 2382 non
884 2318 1164 2400 valebat,
1228 2317 1437 2382 adhuc
1494 2317 1571 2383 de
1624 2320 1914 2402 pecuniis
1969 2340 2145 2403 repe·

236 2404 456 2468 tundis
501 2424 639 2470 non
683 2409 821 2470 erat
864 2407 1245 2491 postulatus.
1333 2405 1675 2489 Pompeius
1731 2428 1773 2470 a
1816 2428 1912 2471 me
1958 2408 2146 2473 valde

239 2492 573 2556 contendit
635 2493 711 2557 de
766 2494 975 2558 reditu
1037 2494 1107 2558 in
1171 2494 1475 2578 gratiam,
1538 2495 1651 2559 sed
1712 2494 1922 2559 adhuc
1979 2495 2149 2560 nihil

237 2579 511 2663 profecit
556 2600 692 2665 nec,
737 2583 794 2646 si
830 2583 1029 2647 ullam
1062 2586 1314 2665 partem
1350 2583 1665 2647 libertatis
1701 2583 1955 2665 tenebo,
1996 2606 2145 2667 pro·

158 2682 211 2721 ⁸6
238 2668 426 2732 ficiet.
526 2667 697 2733 Tuas
762 2669 1008 2734 litteras
1072 2670 1484 2735 vehementer
1541 2674 1856 2755 exspecto.
1957 2670 2148 2746 Quod

237 2758 461 2821 scribis
525 2760 591 2822 te
667 2758 946 2840 audisse,
1016 2758 1087 2823 in
1149 2758 1636 2823 candidatorum
1708 2759 2149 2824 consularium

237 2846 513 2910 coitione
577 2866 678 2909 me
741 2846 1135 2930 interfuisse,
1207 2846 1273 2910 id
1334 2846 1570 2910 falsum
1634 2849 1757 2928 est3
1829 2847 2147 2912 eiusmodi

235 2934 408 2998 enim
462 2934 792 3018 pactiones
854 2934 924 2998 in
988 2955 1063 2998 ea
1127 2935 1403 2999 coitione
1465 2934 1675 2998 factae
1739 2938 1916 3015 sunt,
1980 2956 2146 3019 quas

232 3025 461 3104 postea
504 3020 844 3086 Memmius
880 3021 1202 3106 patefecit,
1247 3026 1322 3087 ut
1359 3043 1547 3086 nemo
1585 3022 1795 3087 bonus
1829 3022 2144 3088 interesse

170 1769 203 1815 5

165 1837 183 1875 l

374 3263 477 3344 Ep.
520 3270 566 3330 1,
600 3270 681 3319 14.
752 3266 899 3335 quod
940 3282 1020 3322 me
1055 3267 1309 3350 admpnes
1346 3267 1467 3336 (I.)?
1503 3296 1574 3307 -
1609 3270 1835 3350 team,
1870 3266 2066 3350 quod:
2092 3305 2140 3321 ..

228 3327 387 3392 fast„-
422 3333 484 3385 ιά
521 3334 668 3402 (W.).
759 3341 830 3401 t.;
874 3353 922 3405 q.
961 3376 1007 3390 ..
1046 3338 1122 3403 fl,
1165 3338 1230 3392 td
1263 3337 1451 3408 vulgo.
1510 3369 1574 3380 —
1629 3352 1891 3407 quomam
1924 3341 1990 3390 tu
2023 3353 2141 3420 mq.

229 3396 401 3463 (ΨΜ)
441 3429 504 3439 -
541 3404 725 3483 effidem·
770 3411 942 3461 cetera
977 3407 1127 3475 (W.).
1200 3423 1250 3461 v.
1307 3407 1366 3463 G.
1403 3407 1595 3479 vulgo.
1669 3413 1750 3463 16.
1806 3407 2040 3474 audoeno,
2074 3424 2142 3461 m

230 3463 365 3530 (W.)
455 3485 506 3521 a.
544 3488 607 3524 m
640 3474 828 3544 vulgo.
