2338 3691
210 76 342 194 {34
775 128 849 184 M.
889 128 1135 182 TULLn
1172 95 1558 186 CICERONIS

1120 378 1204 445 V.

366 490 481 547 Ser.
520 491 730 546 Romae
768 507 960 545 mense
998 491 1199 547 Sextili
1237 491 1389 558 (ante
1431 490 1534 559 Id.)
1573 507 1623 545 a.
1661 508 1715 546 u.
1751 508 1798 546 c.
1839 497 1958 546 703.

721 614 1026 670 CAELIUS
1064 614 1409 672 CICERONI
1449 615 1599 670 SAL.

139 728 169 777 1
342 715 484 792 Qua
516 719 590 781 tu
611 730 783 781 'cura
819 715 925 799 sis,
972 714 1144 799 quod
1182 714 1265 779 ad
1299 737 1526 800 pacem
1562 716 1930 800 provinciae
1975 719 2131 781 tuae

205 805 750 889 finitimarumque
804 805 1144 889 regionum
1201 802 1461 888 attinet,
1515 805 1760 871 nescio:
1816 825 1938 890 ego
1987 805 2131 889 qui.-

206 894 351 960 dem
397 894 809 958 vehementer
846 893 1047 959 animi
1083 893 1361 977 pende03
1406 915 1577 977 nam,
1624 893 1680 958 si
1725 894 1847 960 hoc
1874 894 1916 973 †
1946 915 2130 959 more

205 982 525 1050 moderari
561 994 914 1066 possemuS,
948 985 1025 1046 ut
1059 1003 1179 1066 pro
1217 981 1461 1046 viribus
1498 982 1829 1066 copiarum
1862 984 2131 1048 tuarum

204 1072 359 1136 belli
404 1092 658 1155 quoque
705 1070 1006 1135 existeret
1051 1069 1431 1155 magnitudo
1479 1074 1571 1154 et,
1616 1074 1940 1155 quantum
1985 1071 2130 1155 glo-

204 1161 338 1225 riae
383 1158 860 1244 triumphoque
888 1180 1051 1244 opus
1091 1163 1279 1242 esset,
1324 1180 1831 1244 assequeremur,
1875 1160 2130 1243 pericu-

201 1251 412 1316 losam
472 1253 540 1314 et
601 1269 862 1335 gravem
934 1248 1115 1312 illam
1179 1247 1655 1314 dimicationem
1720 1248 2128 1332 evitaremus,

201 1338 367 1403 nihil
409 1341 547 1403 tam
592 1341 761 1405 esset
806 1336 1188 1421 optandum:
1233 1358 1435 1420 nunc,
1480 1337 1535 1401 si
1579 1335 1859 1402 Parthus
1904 1342 2130 1403 movet

203 1426 464 1511 aliquid,
500 1426 632 1492 scio
660 1447 797 1491 non
832 1425 1219 1491 mediocrem
1245 1425 1385 1490 fore
1422 1425 1931 1508 contentionem3
1967 1428 2124 1491 tuus

202 1537 396 1601 porro
435 1515 748 1579 exercitus
784 1514 891 1578 vix
927 1536 1129 1579 unum
1167 1514 1405 1579 saltum
1441 1514 1607 1578 tueri
1633 1517 1868 1598 potest.
1929 1512 2125 1579 Hanc

203 1608 420 1669 autem
464 1624 655 1667 nemo
702 1602 886 1668 ducit
931 1603 1278 1687 rationem,
1333 1603 1444 1667 sed
1491 1602 1710 1667 omnia
1754 1602 2122 1668 desideran-

199 1695 309 1757 tur
363 1691 445 1755 ab
492 1712 596 1775 eo,
659 1695 990 1775 tamquam
1053 1691 1218 1755 nihil
1272 1692 1662 1776 denegatum
1718 1691 1805 1755 sit
1850 1691 1933 1774 ei,
1987 1712 2121 1776 quo

202 1781 415 1845 minus
461 1801 654 1864 quam
691 1780 1138 1865 paratissimus
1180 1782 1367 1865 esset,
1411 1780 1524 1865 qui
1555 1779 1814 1865 publico
1851 1781 2120 1866 negotio

132 1889 164 1937 2
202 1869 607 1954 praepositus
661 1872 776 1933 est.
867 1868 1136 1935 Accedit
1200 1870 1352 1953 huc,
1416 1868 1589 1953 quod
1648 1870 2123 1935 successionem

200 1959 488 2023 futuram
515 1961 788 2042 propter
816 1956 1169 2046 Galliarum
1207 1957 1711 2024 controversiam
1748 1979 1885 2023 non
1912 1958 2122 2024 video.

202 2046 488 2111 Tametsi
531 2046 654 2110 hac
700 2046 779 2110 de
824 2068 892 2111 re
929 2051 1088 2131 puto
1124 2050 1192 2120 te
1228 2047 1669 2131 constitutum,
1713 2046 1867 2130 quid
1911 2045 2121 2111 factu-

199 2157 310 2200 rus
346 2155 537 2218 esses,
580 2134 837 2219 habere,
871 2138 1109 2218 tamen,
1154 2157 1281 2219 quo
1320 2136 1634 2201 maturius
1671 2136 2122 2221 constitueres,

203 2245 400 2308 quum
444 2223 618 2289 hunc
663 2227 964 2288 eventum
1016 2223 1462 2308 providebam,
1506 2224 1717 2289 visum
1760 2227 1886 2308 est,
1928 2227 2004 2288 ut
2048 2228 2120 2289 te

199 2312 478 2377 facerem
541 2312 904 2395 certiorem3
959 2312 1134 2377 nosti
1188 2312 1361 2377 enim
1418 2312 1578 2378 haec
1631 2312 1977 2377 tralaticia:
2031 2312 2118 2377 de

200 2399 426 2466 Galliis
454 2400 910 2484 constituetur3
955 2400 1094 2485 erit,
1121 2402 1232 2484 qui
1259 2400 1642 2484 intercedat3
1687 2399 1918 2466 deinde
1949 2400 2120 2467 alius

201 2490 487 2573 exsistet,
542 2490 679 2574 qui,
733 2489 859 2555 nisi
904 2489 1103 2554 libere
1148 2489 1342 2554 liceat
1386 2490 1463 2554 de
1509 2489 1808 2555 omnibus
1854 2489 2120 2573 provin-

199 2579 314 2644 ciis
361 2579 698 2645 decernere
744 2578 1024 2662 senatui,
1075 2578 1356 2662 reliquas
1409 2577 1745 2662 impediat:
1805 2578 1898 2642 sic
1947 2578 2119 2642 mul-

197 2670 338 2734 tum
376 2690 452 2734 ac
488 2668 599 2733 diu
634 2668 907 2750 ludetur,
952 2670 1146 2751 atque
1183 2668 1276 2731 ita
1313 2666 1442 2750 diu,
1486 2669 1561 2731 ut
1595 2667 1743 2750 plus
1777 2665 2120 2731 biennium

128 2768 161 2817 3
198 2756 268 2822 in
313 2758 417 2822 his
461 2757 640 2821 tricis
684 2776 1023 2820 moremur.
1098 2752 1168 2821 Si
1214 2753 1368 2838 quid
1412 2754 1569 2819 novi
1613 2755 1692 2818 de
1737 2775 1806 2819 re
1851 2754 2117 2839 publica

200 2846 371 2928 quod
415 2845 538 2910 tibi
582 2844 925 2910 scriberem
968 2844 1292 2926 haberem,
1337 2863 1492 2908 usus
1537 2864 1744 2908 essem
1781 2863 1927 2908 mea
1960 2863 2113 2908 con·

199 2934 554 3018 suetudine,
597 2936 675 2998 ut
708 2932 1069 3017 diligenter,
1104 2936 1175 2997 et
1208 2931 1361 3016 quid
1398 2935 1614 2997 actum
1650 2935 1821 2996 esset
1856 2934 1924 2996 et
1957 2930 2116 3014 quid

198 3042 276 3086 ex
321 3044 398 3087 co
443 3023 734 3087 futurum
780 3041 1121 3106 sperarem,
1165 3020 1644 3105 perscriberem.
1735 3017 1904 3085 Sane
1948 3023 2115 3084 tam—

200 3129 393 3191 quam
456 3111 526 3173 in
590 3110 868 3194 quodam
936 3109 1116 3173 incili
1188 3109 1318 3174 iam
1381 3109 1600 3176 omnia
1662 3107 2115 3174 adhaeserunt.

340 3332 443 3401 Ep.
482 3339 532 3400 5,
564 3341 609 3387 1.
681 3339 718 3401 †
745 3351 890 3391 more
923 3338 1198 3392 moderari
1235 3336 1348 3405 (M.,
1386 3335 1516 3406 Or.).
1603 3337 1759 3393 modo
1797 3334 1935 3392 mod·
1976 3333 2119 3406 (W·)

201 3403 302 3458 aut
335 3403 491 3458 modo
526 3419 637 3458 rem
671 3406 810 3460 mod.
850 3406 1117 3478 (Bengel.,
1155 3408 1259 3476 Β.).
1297 3438 1368 3449 --
1413 3423 1491 3475 co,
1527 3411 1805 3479 tamquam
1841 3448 1853 3462 .
1877 3447 1889 3462 .
1911 3448 1924 3461 .
1961 3411 2122 3474 esset,

199 3472 299 3539 qui
335 3472 484 3540 (W.).
558 3489 616 3527 eo
655 3503 722 3514 -
761 3479 798 3528 t.
838 3516 851 3529 .
874 3515 886 3529 .
909 3518 921 3531 .
951 3484 1081 3533 esset
1107 3509 1195 3547 -‚
1223 3480 1322 3549 qui
1348 3479 1408 3532 B.
