2338 3691
722 151 1239 208 EPISTOLARUM
1276 152 1422 206 vl11.
1461 158 1508 206 5.
1548 157 1598 207 6.
1983 147 2117 213 235

187 299 544 366 Marcellus
590 298 761 364 idem
802 298 964 364 illud
1012 297 1089 361 de
1125 296 1474 382 provinciis
1510 296 1718 382 urget,
1760 315 1970 379 neque
2008 294 2117 358 ad·

185 391 325 454 huc
377 387 786 472 frequentem
841 389 1137 451 senatum
1195 386 1251 450 is
1315 385 1569 450 efficere
1633 383 1867 469 potuit.
1971 381 2118 448 Hoc

189 479 289 542 sic
336 475 687 561 praeterito
752 497 925 541 anno
973 473 1166 553 Curio
1228 475 1531 539 tribunus
1592 475 1713 538 erit
1772 475 1839 537 et
1893 470 2118 536 eadem

188 567 369 631 actio
427 565 505 631 de
560 564 908 650 provinciis
960 552 1284 630 introibit:
1339 584 1535 647 quam
1584 561 1775 626 facile
1828 564 1987 626 tunc
2034 561 2119 625 sit

188 655 421 721 omnia
463 654 775 738 impedire
812 657 879 717 et
915 675 1110 737 quam
1142 652 1269 716 hoc
1307 649 1586 735 Caesari,
1623 650 1734 735 qui
1771 672 1888 715 sua
1924 671 2119 714 causa

186 766 336 808 rem
380 742 709 828 publicam
753 763 890 808 non
934 745 1178 826 curent,
1223 743 1501 825 sperent,
1544 761 1681 804 non
1722 742 1790 803 te
1832 738 2023 804 fallit.

1095 934 1212 1000 VI.

576 1047 692 1104 Scr.
728 1067 813 1118 pr.
851 1048 1045 1103 Nonas
1080 1047 1318 1117 Martias
1355 1063 1405 1101 a.
1444 1064 1500 1101 ιι.
1536 1063 1583 1101 c.
1626 1051 1728 1102 704

723 1171 1029 1227 CAELIUS
1066 1170 1411 1229 CICERONI
1448 1170 1600 1227 SAL.

333 1271 491 1338 Non
536 1272 781 1356 dubit0,
827 1272 985 1356 quin
1028 1273 1350 1356 perlatum
1396 1270 1478 1336 ad
1521 1274 1589 1336 te
1636 1271 1721 1335 sit
1755 1269 2042 1354 Appium
2084 1293 2125 1335 a
2160 1278 2190 1326 1

193 1362 546 1428 Dolabella
589 1382 773 1426 reum
814 1361 1089 1446 factum,
1144 1382 1299 1425 sane
1350 1357 1591 1448 [quam]
1649 1381 1786 1425 non
1839 1380 1942 1443 ea,
1996 1380 2125 1442 qua

197 1451 747 1535 existimaveram,
799 1449 1068 1533 invidia3
1126 1470 1335 1534 neque
1391 1450 1566 1514 enim
1611 1449 1808 1513 stulte
1853 1446 2124 1532 AppiuS,

199 1540 334 1625 qui,
380 1539 768 1641 simulatque
812 1537 1156 1603 Dolabella
1210 1537 1480 1604 accessit
1525 1538 1607 1602 ad
1660 1536 1975 1621 tribunal,
2027 1536 2123 1600 in-

199 1628 478 1693 troierat
521 1628 595 1692 in
637 1628 865 1692 urbem
908 1626 1346 1712 triumphique
1402 1627 1907 1712 postulationem
1953 1587 2123 1689 abie-

203 1720 402 1800 cerat,
448 1737 577 1801 quo
614 1716 789 1781 facto
827 1716 1100 1780 rettudit
1136 1737 1464 1781 sermones
1500 1715 1911 1800 paratiorque
1947 1714 2123 1779 visus

204 1810 324 1891 est,
370 1827 567 1890 quam
613 1808 985 1890 speraverat
1011 1809 1365 1870 accusator.
1435 1803 1500 1869 Is
1546 1824 1720 1869 nunc
1764 1804 1835 1869 in
1879 1806 1946 1869 te
1991 1825 2126 1868 ma-

202 1896 450 1960 ximam
496 1916 678 1979 spem
717 1894 935 1959 habet.
1026 1892 1171 1959 Scio
1217 1894 1340 1959 tibi
1394 1915 1541 1958 eum
1584 1915 1720 1958 non
1765 1913 1902 1957 esse
1950 1893 2124 1958 odio·

205 2006 408 2069 quam
450 1984 610 2048 velis
656 2005 805 2048 eum
851 1982 1165 2069 obligare,
1220 1983 1291 2047 in
1342 1986 1459 2047 tua
1502 2004 1700 2046 manu
1755 1985 1870 2046 est.
1962 1980 2125 2047 Cum

205 2095 338 2157 quo
394 2074 452 2138 si
506 2071 799 2137 simultas
852 2071 974 2136 tibi
1027 2093 1164 2137 non
1226 2071 1483 2155 fuisset,
1544 2070 1808 2135 liberius
1870 2070 1992 2134 tibi
2047 2070 2125 2134 de

203 2164 356 2227 tota
396 2182 466 2225 re
511 2163 705 2226 esset.
748 2181 966 2245 nunc,
989 2160 1044 2224 si
1089 2159 1172 2224 ad
1216 2160 1395 2224 illam
1431 2180 1748 2224 summam
1789 2159 2128 2224 veritatem

202 2250 574 2335 legitimum
616 2250 717 2314 ius
763 2249 1076 2334 exegeriS,
1122 2248 1479 2313 cavendum
1520 2248 1643 2312 tibi
1689 2248 1835 2332 erit,
1887 2269 1970 2311 ne
2015 2270 2126 2332 pa-

203 2361 358 2404 rum
403 2338 778 2440 simpliciter
833 2341 899 2401 et
952 2337 1221 2402 candide
1276 2336 1567 2421 posuisse
1618 2336 1990 2401 inimicitias
2035 2336 2127 2402 vi-

205 2427 450 2510 dearis3
502 2428 574 2491 in
624 2426 796 2492 hanc
848 2428 1101 2510 partem
1153 2446 1347 2511 porro
1402 2428 1618 2490 tutum
1678 2425 1802 2489 tibi
1859 2426 2007 2509 erit,
2071 2424 2128 2489 si

207 2516 367 2601 quid
422 2516 700 2580 volueris
747 2514 1122 2600 gratificari,
1179 2536 1372 2580 nemo
1428 2513 1601 2578 enim
1652 2476 2126 2579 necessitudine

207 2609 278 2669 et
341 2604 625 2669 amicitia
685 2608 752 2668 te
815 2604 1194 2668 deterritum
1257 2603 1339 2667 ab
1403 2602 1618 2668 officio
1684 2602 1868 2667 dicet.
1956 2600 2128 2667 Illud

206 2692 374 2758 mihi
421 2692 731 2777 occurrit,
761 2692 932 2776 quod
976 2692 1147 2757 inter
1184 2692 1691 2776 postulationem
1736 2695 1804 2755 et
1844 2689 2127 2756 nominis

206 2781 605 2846 delationem
665 2802 830 2845 uxor
892 2803 931 2844 a
973 2779 1315 2845 Dolabella
1368 2779 1687 2845 discessit:
1754 2778 1908 2862 quid
1965 2777 2127 2841 mihi
2161 2790 2194 2838 2

206 2869 545 2935 discedens
591 2869 935 2953 mandaris,
981 2869 1272 2951 memini3
1327 2868 1480 2952 quid
1527 2890 1648 2954 ego
1693 2867 1816 2931 tibi
1861 2866 2129 2950 scripse-

205 2960 351 3043 rim,
396 2962 478 3022 te
507 2979 644 3022 non
689 2958 969 3023 arbitror
1014 2958 1304 3024 oblitum.
1374 2955 1529 3022 Non
1575 2960 1675 3021 est
1706 2956 1840 3020 iam
1872 2958 2127 3040 tempus

204 3047 399 3133 plura
443 3046 779 3111 narrandi·
835 3067 1036 3111 unum
1087 3046 1250 3111 illud
1294 3066 1558 3111 monere
1602 3049 1668 3109 te
1727 3065 2018 3128 possum,
2073 3043 2128 3107 si

205 3157 314 3200 res
366 3135 489 3200 tibi
542 3155 680 3199 non
733 3134 1119 3222 displicebit,
1176 3138 1398 3199 tamen
1450 3133 1576 3199 hoc
1629 3136 1919 3217 tempore
1964 3132 2128 3197 nihil

357 3299 459 3381 ΕΡ.
499 3303 549 3366 5,
588 3303 638 3353 3.
675 3297 1039 3367 frequentiam
1072 3299 1296 3350 senatus
1331 3294 1416 3361 eff.
1455 3291 1672 3362 (Busch.
1675 3291 1731 3359 )?
1802 3292 2130 3360 frequentem

209 3371 424 3425 senous
456 3367 532 3423 M.
600 3367 852 3434 anscm',
888 3368 985 3437 qm·
1019 3366 1152 3435 (M.).
1221 3364 1424 3421 Caesar
1457 3364 1629 3431 iique,
1675 3363 1772 3430 qui
1806 3362 2030 3425 Kahnt„
2067 3359 2128 3410 B.

212 3441 316 3511 Ep.
357 3447 408 3508 6,
451 3447 500 3494 1.
555 3454 688 3494 εαηθ
728 3438 936 3509 [quam]
971 3452 1087 3491 own
1122 3434 1332 3504 (Crat).
1385 3449 1428 3487 8.
1465 3449 1630 3501 quam
1665 3447 1780 3485 mm
1815 3429 1908 3495 M„
1945 3402 2130 3493 vulgo.

220 3516 407 3565 —est
476 3509 655 3564 Cwn.
732 3514 932 3564 .esset.·
967 3522 1119 3562 omme
1146 3505 1295 3574 (W.).
1349 3509 1455 3569 aet,-
1492 3518 1655 3555 cwm.
1733 3504 1918 3552 .eeset.
1964 3496 2043 3547 N
2042 3507 2133 3545 me

226 3582 408 3651 vulgo.
450 3611 515 3621 —
546 3581 799 3650 posuisse
834 3580 967 3649 (M.)
1005 3579 1185 3645 depos.
1225 3574 1443 3641 Cobet.²
1479 3573 1542 3626 Β.
