2338 3691
863 826 1084 885 LIBER
1116 825 1557 886 UNDEcnms.

408 955 550 1051 AD
613 955 701 1023 M.
765 955 1230 1050 BRUTUM
1296 956 1431 1023 ET
1503 952 2019 1024 CETEROS.

1187 1134 1239 1199 Ι.

719 1253 834 1310 Scr.
873 1270 1063 1309 mense
1100 1254 1286 1325 Aprili
1322 1270 1371 1308 8.
1410 1272 1464 1308 11.
1502 1271 1548 1308 8.
1589 1260 1698 1310 710

479 1394 548 1451 11.
583 1379 1156 1481 888188188818
1196 1394 1334 1453 sno
1370 1392 1467 1451 ET
1505 1395 1753 1452 CAssm
1791 1393 1943 1451 SAL.

394 1503 535 1582 Quo
597 1505 669 1570 in
730 1508 906 1571 statu
968 1505 1196 1589 simus,
1252 1506 1647 1592 cognoscite:
1718 1506 1859 1571 heri
1920 1505 2173 1590 vesperi
2211 1512 2240 1562 1

254 1594 434 1678 apud
485 1614 589 1659 me
645 1592 900 1659 Hirtius
952 1594 1109 1678 fuit3
1168 1616 1299 1678 qua
1341 1598 1557 1660 mente
1612 1598 1783 1660 esset
1824 1593 2173 1678 Antonius,

242 1683 743 1766 demonstravit,
784 1683 1065 1768 pessima
1108 1683 1354 1749 scilicet
1396 1687 1465 1749 et
1505 1683 1975 1768 infidelissima3
2017 1705 2172 1748 nam

257 1792 333 1836 se
373 1792 583 1856 neque
627 1771 788 1836 mihi
832 1772 1234 1857 provinciam
1279 1772 1431 1837 dare
1475 1794 1667 1858 posse
1702 1773 1921 1838 aiebat
1961 1793 2171 1857 neque

200 1898 207 1910 -·
255 1861 560 1925 arbitrari
619 1865 765 1927 tuto
836 1863 909 1926 in
969 1863 1129 1927 urbe
1194 1883 1334 1927 esse
1396 1883 1784 1947 quemquam
1844 1866 2170 1928 nostrum:

255 1949 422 2015 adeo
458 1971 599 2015 esse
633 1950 912 2016 militum
946 1951 1307 2016 concitatos
1342 1951 1592 2017 animos
1628 1954 1698 2016 et
1729 1951 1963 2036 plebis3
1998 1951 2172 2035 quod

255 2041 605 2123 utrumque
657 2060 796 2104 esse
848 2039 1088 2104 falsum
1130 2043 1292 2124 puto
1349 2062 1466 2105 vos
1512 2040 2022 2105 animadvertere
2076 2043 2172 2104 at-

258 2148 387 2211 que
430 2127 590 2192 illud
644 2148 784 2192 esse
837 2149 1088 2213 verum,
1142 2128 1317 2211 quod
1360 2127 1613 2194 Hirtius
1669 2128 2173 2213 demonstrabat,

254 2216 485 2280 timere
549 2237 722 2301 eum,
782 2237 899 2300 ne,
961 2217 1018 2281 81
1079 2216 1398 2281 mediocre
1462 2217 1772 2282 auxillum
1833 2217 2172 2303 dignitatis

255 2307 521 2369 nostrae
547 2303 1015 2389 habuissemus,
1040 2305 1258 2369 nullae
1285 2309 1502 2389 partes
1529 2307 1572 2385 †
1589 2306 1693 2370 his
1720 2307 1791 2369 in
1815 2327 1885 2370 re
1911 2306 2173 2390 publica

256 2392 791 2477 relinquerentur.
908 2392 1121 2469 Quum
1183 2393 1255 2457 in
1315 2393 1419 2457 his
1483 2394 1802 2479 angustiis
1864 2415 2174 2479 versarer,
2208 2407 2244 2456 2

255 2481 571 2565 placitum
615 2484 716 2546 est
756 2480 945 2566 1111111,
995 2484 1073 2547 ut
1122 2482 1521 2565 postularem
1570 2483 1965 2568 legationem
2015 2483 2172 2548 libe-

202 2597 205 2600 ·
256 2590 402 2633 ram
446 2568 606 2634 mihi
650 2570 1038 2655 reliquisque
1082 2570 1352 2655 nostris,
1406 2574 1482 2636 ut
1525 2571 1742 2656 aliqua
1787 2592 1983 2636 causa
2025 2593 2171 2656 pro-

256 2657 585 2723 ficiscendi
638 2657 916 2724 honesta
969 2662 1399 2744 quaereretur.
1486 2658 1632 2724 Hoc
1685 2680 1753 2724 88
1797 2660 2172 2744 impetratu-

257 2767 407 2810 rum
439 2745 766 2831 pollicitus
804 2750 921 2831 est,
953 2769 1074 2813 nec
1108 2750 1330 2813 tamen
1368 2747 1864 2832 impetraturum
1891 2747 2173 2813 confido.

256 2837 447 2899 tanta
501 2838 601 2899 est
651 2834 991 2901 hominum
1033 2836 1385 2901 insolentia
1443 2840 1510 2902 et
1552 2837 1761 2902 nostri
1803 2833 2174 2920 insectatio;

258 2944 367 3007 ac,
417 2923 472 2988 si
526 2922 845 3008 dederint,
908 2924 1080 3009 quod
1134 2924 1442 3009 petimus,
1492 2928 1716 2990 tamen
1757 2925 1978 3009 paullo
2023 2928 2175 3008 post

254 3010 550 3077 futurum
593 3015 756 3097 puto
800 3016 875 3078 ut
917 3012 1137 3079 hostes
1174 3013 1529 3078 iudicemur
1563 3016 1677 3078 aut
1711 3035 1881 3098 aqua
1925 3016 1991 3078 et
2033 3013 2175 3099 igni

256 3100 451 3166 nobis
503 3101 943 3166 interdicatur.
1041 3098 1249 3187 „Quid
1303 3122 1458 3188 ergo
1514 3099 1677 3186 est“,
1736 3101 1979 3187 inquis,
2037 3102 2173 3186 „tui
2207 3113 2243 3163 3

400 3256 684 3328 Ep.‚.11
756 3259 1187 3327 †hisinrep
1228 3257 1377 3328 (W..)
1451 3258 1849 3328 illisinrep.
1886 3256 2021 3327 (W.)
2073 3261 2175 3312 aut

256 3329 401 3468 {m
434 3331 518 3454 ’.ἴ
533 3339 679 3454 rem
667 3415 729 3454 re
719 3329 994 3454 (whagt
1025 3332 1262 3474 ,ζωῌῦἔο
1276 3341 1341 3454 ἐἰ
1366 3345 1443 3454 fm
1464 3329 1904 3465 (evgrgtmiinuae.
1906 3345 1992 3466 >m
2017 3343 2175 3449 gago

257 3402 373 3526 Σοὶ
348 3471 388 3524 i.
425 3416 544 3525 ΜΪΒ
572 3417 878 3528 Hanclgc
853 3473 892 3525 i.
929 3471 992 3525 Β.
1433 3416 1479 3468 P
