2338 3691
265 113 392 179 106
825 115 899 169 Μ.
941 112 1189 170 TULLII
1225 110 1607 170 CICERONIS

187 272 220 321 6
257 258 621 325 multitudo.
710 258 1041 324 Habemus
1087 258 1282 323 etiam
1324 259 1646 324 rationem
1689 258 1783 323 rei
1836 259 2184 325 familiaris

258 352 426 431 tuae,
491 369 684 432 quam
748 347 1045 431 dissipari
1106 348 1436 431 nolumus;
1500 369 1653 413 nam
1661 397 1679 432 ,
1744 347 1864 412 etsi
1927 349 2184 414 nullam

256 439 474 521 potest
519 436 805 520 accipere
850 436 1181 521 iniuriam,
1237 458 1400 521 quae
1445 436 1668 501 futura
1710 440 2025 521 perpetua
2073 439 2184 523 sit,

255 528 599 611 propterea
645 524 819 610 quod
863 546 1071 610 neque
1115 525 1173 590 is
1183 576 1201 611 ,
1261 526 1370 610 qui
1414 528 1595 590 tenet
1647 546 1784 590 rem
1829 525 2184 612 publicam,

255 614 540 699 patietur
601 635 809 699 neque
871 614 1014 698 ipsa
1075 636 1178 679 res
1232 614 1519 699 publica,
1582 617 1803 679 tamen
1860 615 2182 700 impetum

254 702 657 788 praedonum
708 703 779 767 in
823 705 971 768 tuas
1033 703 1331 768 fortunas
1394 703 1534 768 fieri
1586 704 1769 787 nolo,
1831 703 1902 768 hi
1956 707 2180 770 autem

257 793 368 876 qui
405 795 636 875 essent,
682 791 984 857 auderem
1021 792 1317 875 scribere,
1353 791 1482 856 nisi
1515 795 1582 858 te
1619 791 1984 877 intelligere
2021 814 2178 859 con-

186 893 219 941 6
255 880 537 946 fiderem.
626 880 753 946 Hic
815 884 880 946 te
944 881 1136 946 unius
1185 880 1675 965 sollicitudines,
1728 880 1921 946 unius
1976 883 2179 947 etiam

256 971 497 1034 multae
562 972 629 1035 et
690 969 983 1035 assiduae
1047 970 1374 1054 lacrimae,
1438 966 1506 1035 O.
1569 969 1886 1055 Marcelli,
1947 969 2176 1036 fratris

256 1058 510 1143 optimi,
566 1058 1018 1142 deprecantur.
1081 1079 1205 1123 nos
1270 1080 1424 1124 cura
1486 1061 1553 1123 et
1610 1059 1829 1124 dolore
1893 1060 2177 1143 proximi

255 1169 493 1231 sumus,
536 1147 832 1231 precibus
877 1146 1210 1233 tardiores,
1256 1146 1429 1231 quod
1470 1147 1573 1212 ius
1619 1146 1924 1232 adeundi,
1971 1170 2174 1233 quum

252 1236 379 1321 ipsi
433 1236 880 1322 deprecatione
936 1236 1327 1321 eguerimus,
1380 1257 1515 1301 non
1559 1235 1901 1322 habemus,
1955 1238 2173 1322 gratia

251 1327 511 1390 tantum
553 1347 923 1410 possumus,
978 1328 1292 1409 quantum
1347 1324 1527 1409 victi;
1583 1325 1694 1390 sed
1738 1327 1958 1389 tamen
2018 1347 2170 1391 con-

253 1414 415 1500 silio,
462 1415 675 1480 studio
712 1414 1018 1479 Marcello
1055 1435 1194 1479 non
1239 1413 1557 1479 desumus.
1629 1412 1692 1477 A
1727 1413 1857 1478 tuis
1902 1414 2169 1499 reliquis

250 1524 387 1568 non
433 1503 838 1587 adhibemur3
885 1502 966 1566 ad
1014 1503 1233 1568 omnia
1276 1502 1490 1587 parati
1536 1523 1775 1568 sumus.

1113 1695 1296 1762 VIII.

444 1806 558 1865 Ser.
597 1808 809 1865 Romae
847 1808 997 1879 (post
1030 1808 1152 1865 VII.
1192 1808 1317 1865 Kal.
1357 1808 1529 1879 Sext.)
1569 1823 1618 1864 a.
1654 1824 1709 1863 u.
1748 1824 1794 1865 c.
1835 1813 1955 1866 708.

636 1933 711 1988 Μ.
751 1931 1009 1988 CICERO
1049 1933 1103 1989 S.
1139 1932 1208 1987 D.
1245 1932 1319 1987 Μ.
1356 1930 1769 1989 MARCELLO.

180 2045 209 2094 1
378 2031 606 2119 Neque
668 2054 930 2099 monere
993 2036 1057 2098 te
1121 2032 1325 2099 audeo
1389 2033 1747 2135 praestanti
1816 2032 2162 2118 prudentia

247 2121 457 2189 virum
483 2144 603 2188 nec
632 2123 1010 2188 confirmare
1036 2122 1301 2187 maximi
1337 2122 1538 2186 animi
1572 2121 1903 2188 hominem
1930 2144 2160 2188 unum·

248 2233 371 2296 que
416 2212 867 2296 fortissimum,
922 2210 1244 2277 consolari
1288 2231 1440 2276 vero
1486 2211 1666 2276 nullo
1712 2211 1933 2294 modo;
1987 2233 2161 2300 nam,

139 2378 146 2384 Ι
248 2300 303 2365 si
348 2322 441 2386 ea,
487 2324 650 2386 quae
696 2263 1084 2386 acciderunt,
1126 2300 1223 2365 ita
1265 2300 1424 2384 fers,
1468 2302 1544 2364 ut
1587 2298 1798 2384 audio,
1845 2301 2160 2385 gratulari

246 2390 457 2543 ἓξὲξ
498 2391 723 2543 ἷξῗΐὲ
751 2388 2159 2563 ‡{?;⁰.31⁰2fflb{³123·.⁰¹f².3.332210”202“ffl

245 2567 503 2632 abundo
550 2567 832 2652 ingenio,
877 2569 953 2631 ut
986 2569 1051 2630 te
1089 2566 1402 2651 consoler,
1448 2587 1646 2650 quum
1688 2566 1827 2650 ipse
1871 2587 1975 2632 me
2022 2588 2160 2632 non

242 2655 503 2740 possim.
592 2655 937 2740 Reliquum
982 2657 1081 2719 est
1122 2655 1350 2740 igitur,
1402 2657 1478 2720 ut
1529 2654 1650 2719 tibi
1704 2676 1808 2720 me
1860 2654 1933 2719 in
1978 2656 2160 2721 omni

242 2767 311 2810 re
357 2767 505 2811 eum
547 2743 892 2829 praebeam
944 2747 1391 2829 praestemque
1446 2746 1512 2807 et
1565 2742 1647 2807 ad
1694 2742 1937 2828 omnia,
1991 2765 2159 2829 quae

239 2835 339 2899 tui
383 2833 605 2918 velint,
648 2833 742 2898 ita
786 2833 909 2897 sim
941 2835 1221 2916 praesto,
1265 2836 1340 2898 ut
1373 2853 1475 2896 me
1509 2852 1648 2897 non
1688 2832 1898 2896 solum
1938 2834 2162 2898 omnia

243 2922 473 2988 debere
518 2925 634 2987 tua
678 2942 889 3006 causa,
933 2943 1102 3005 quae,
1132 2922 1394 3006 possim,
1438 2920 1550 2985 sed
1587 2920 1783 2985 etiam
1819 2941 1984 3005 quae
2022 2943 2159 2987 non

172 3028 205 3078 2
242 3011 512 3093 possim,
569 3014 808 3096 putem.
905 3009 1075 3075 Illud
1127 3012 1349 3074 tamen
1406 3010 1509 3075 vel
1560 3012 1636 3075 tu
1680 3030 1781 3073 me
1827 3010 2156 3076 monuisse

243 3098 346 3162 vel
390 3100 712 3164 censuisse
756 3102 917 3184 puta
960 3099 1063 3165 vel
1088 3101 1355 3184 propter
1380 3097 1898 3164 benevolentiam
1940 3101 2157 3166 tacere

385 3321 487 3390 Ep.
530 3327 578 3389 ’1,
609 3326 658 3376 6.
718 3328 871 3390 potes
907 3325 1060 3395 accip
1063 3340 1148 3380 ere
1186 3324 1331 3394 (V.)·?
1367 3354 1439 3366 —-
1474 3324 1523 3380 ii
1556 3329 1753 3391 autem,
1788 3325 1887 3396 qui
1922 3323 2156 3395 (Crat.)?

241 3397 293 3445 6.
329 3391 601 3457 habemus,
635 3394 823 3460 qratia
860 3394 969 3462 (W.
972 3341 1060 3463 ).P
1108 3396 1378 3451 habentus.
1455 3395 1552 3452 Gr
1590 3414 1626 3450 v
1629 3396 1780 3466 ul.go
1818 3424 1885 3437 —
1924 3397 2157 3456 consilio

243 3476 309 3516 ac
344 3462 527 3516 studio
565 3431 697 3529 ('W.)
736 3465 835 3517 aut
871 3479 914 3518 c.
953 3468 1003 3519 et
1036 3468 1101 3520 st.
1143 3466 1435 3536 (Kayser)?
