2338 3691
302 98 437 162 254
870 96 944 150 M.
985 95 1231 150 TULLII
1266 94 1649 150 CICERONIS

303 245 529 308 nostro
558 241 870 306 acriorem
903 240 975 304 in
1009 240 1202 305 rebus
1230 240 1547 326 gerendis,
1582 240 1807 305 eodem
1841 241 1913 305 in
1947 239 2222 304 victoria

302 330 823 415 temperatiorem
879 332 992 393 aut
1042 329 1262 414 legisti
1314 332 1429 393 aut
1482 328 1762 393 audisti?
1861 328 2028 404 Quid
2075 327 2225 393 est?

303 441 461 484 num
503 419 626 483 tibi
668 417 877 483 nostri
921 418 1177 503 milites,
1222 417 1333 502 qui
1370 417 1725 483 durissimis
1770 420 1837 481 et
1877 416 2224 502 frigidissi-

303 509 428 574 mis
464 506 641 590 lociS,
683 506 1015 571 teterrima
1049 506 1261 571 hieme
1296 503 1537 571 bellum
1572 505 1964 570 ambulando
2003 506 2225 570 confe-

305 599 549 680 cerunt,
574 596 761 660 malis
791 595 1163 660 orbiculatis
1191 615 1330 659 esse
1357 594 1529 679 pasti
1554 594 1899 660 videntur?
1970 593 2224 679 „Quiw

303 684 495 768 tam“,
556 684 791 769 inquis,
851 684 1168 769 „gloriose
1233 681 1531 749 omnia?“
1616 682 1852 766 Immo,
1917 683 1972 747 si
2035 684 2225 767 seiae,

307 795 501 858 quam
545 773 858 838 sollicitus
903 772 1044 856 sim,
1085 775 1229 837 tum
1263 772 1433 837 hanc
1469 792 1679 836 meam
1716 771 2010 857 gloriam,
2053 791 2224 855 quae

305 862 389 927 ad
433 883 535 926 me
579 861 746 926 nihil
797 862 1107 945 pertinet,
1157 880 1288 926 non
1340 860 1657 943 derideas3
1719 882 1883 945 quae
1936 860 2061 924 tibi
2116 881 2222 924 ex·

304 971 546 1035 ponere
590 950 719 1014 nisi
764 971 982 1015 coram
1016 971 1152 1015 non
1190 970 1475 1034 possum,
1516 948 1710 1033 idque
1745 948 2036 1014 celeriter
2079 948 2225 1013 fore

307 1061 524 1124 sper03
583 1060 739 1108 nam
790 1059 923 1122 me,
984 1060 1185 1124 quum
1247 1038 1600 1122 expulisset
1654 1059 1733 1102 ex
1787 1037 1982 1102 Italia
2025 1036 2221 1102 Pom-

306 1128 549 1212 peium,
612 1126 952 1193 constituit
1013 1126 1096 1192 ad
1157 1126 1384 1191 urbem
1445 1147 1702 1209 vocare,
1758 1125 1824 1190 id
1871 1125 2042 1210 quod
2090 1126 2227 1190 iam

308 1217 602 1282 existimo
648 1215 1033 1299 confectum,
1075 1215 1205 1279 nisi
1249 1215 1305 1280 si
1348 1215 1580 1279 maluit
1620 1214 1965 1299 Pompeius
2010 1212 2228 1278 Brun·

237 1318 268 1367 2
309 1305 455 1370 disii
508 1304 972 1370 circumsederi.
1074 1302 1371 1387 Peream,
1432 1303 1489 1367 si
1543 1303 1811 1367 minima
1863 1324 2059 1368 causa
2123 1308 2231 1367 est

306 1394 698 1479 properandi
739 1393 867 1459 isto
911 1390 1100 1475 mihi,
1153 1392 1325 1476 quod
1368 1394 1437 1456 te
1490 1391 1706 1456 videre
1750 1395 1817 1456 et
1861 1392 2080 1457 omnia
2124 1392 2227 1455 in-

307 1483 470 1546 tima
512 1482 805 1548 conferre
850 1480 1169 1565 discupio,
1221 1480 1432 1545 habeo
1486 1483 1703 1545 autem
1749 1501 1942 1564 quam
1996 1481 2227 1544 multa.

306 1569 443 1635 Hui
486 1592 735 1654 vereor,
789 1569 962 1654 quod
1005 1569 1175 1634 solet
1204 1568 1393 1652 ·fieri,
1454 1589 1564 1652 ne,
1626 1590 1824 1652 quum
1867 1572 1933 1632 te
1977 1568 2230 1652 videm,

310 1659 530 1724 omnia
574 1659 932 1724 obliviscar.
1023 1655 1151 1723 Sed
1202 1660 1424 1722 tamen
1469 1657 1639 1740 quod
1695 1657 1779 1723 ob
1835 1657 2041 1722 scelus
2096 1657 2231 1721 iter

308 1747 470 1810 mihi
522 1746 953 1811 necessarium
1013 1749 1188 1811 retro
1252 1745 1335 1810 ad
1398 1743 1599 1829 Alpes
1662 1767 1883 1811 versus
1943 1744 2230 1811 incidit?

309 1833 484 1920 Ideo,
520 1835 692 1920 quod
726 1833 1036 1900 Intimelii
1068 1835 1139 1899 in
1176 1835 1371 1900 armis
1409 1838 1580 1918 sunt,
1621 1856 1829 1919 neque
1866 1834 1944 1899 de
1980 1856 2234 1920 magna

310 1945 532 1989 causa.
603 1922 958 2008 Bellienus,
1035 1945 1237 1989 verna
1305 1886 1618 1989 Demetrii
1630 1974 1649 2008 ,
1729 1924 1840 2008 qui
1910 1923 2001 1988 ibi
2070 1945 2231 1989 cum

310 2012 628 2096 praesidio
693 2016 859 2096 erat,
918 2012 1282 2078 Domitium
1343 2001 1691 2096 quendam,
1750 2012 2034 2078 nobilem
2085 2012 2234 2078 illic

312 2098 604 2166 Caesaris
674 2063 1023 2185 hospitem,
1094 2122 1135 2165 a
1196 2101 1522 2167 contraria
1588 2101 1871 2167 factione
1938 2102 2234 2167 nummis

312 2191 591 2275 acceptis
655 2189 1143 2274 comprehendit
1205 2191 1274 2253 et
1334 2190 1789 2274 strangulavit3
1852 2189 2075 2255 civitas
2138 2191 2235 2256 ad

313 2300 492 2343 arma
553 2279 654 2362 iit-,3
699 2300 776 2343 eo
812 2299 987 2343 nunc
1032 2299 1180 2342 cum
1206 2277 1646 2344 *cohortibus
1689 2278 1849 2343 mihi
1883 2299 1999 2363 per
2033 2278 2231 2344 nives

313 2366 594 2432 eundum
638 2370 753 2431 est.
840 2365 1098 2450 „Usque
1144 2365 1451 2450 quaque“,
1501 2366 1747 2452 inquis,
1799 2388 1903 2450 „se
1948 2366 2234 2434 Domitii

312 2456 478 2521 male
524 2455 734 2520 dant“.
805 2453 1059 2520 Vellem
1094 2455 1353 2539 quidem
1388 2453 1642 2520 Venere
1681 2459 2041 2541 prognatus
2076 2460 2233 2521 tan-

309 2547 452 2610 tum
516 2545 714 2609 animi
768 2543 1103 2608 habuisset
1153 2544 1221 2608 in
1277 2546 1492 2610 vestro
1537 2543 1851 2629 Domitio,
1905 2547 2247 2629 quantum

310 2632 592 2699 Psecade
645 2635 840 2698 natus
882 2631 956 2698 in
997 2632 1124 2698 hoc
1165 2632 1415 2698 habuit.
1504 2629 1799 2698 Ciceroni
1839 2632 1888 2698 f.
1932 2654 1983 2698 s.
2028 2633 2088 2699 d.
2156 2675 2172 2688 -

450 2878 554 2949 Ep.
588 2883 670 2945 15,
820 2874 1051 2948 „Qm'ffl
1086 2880 1237 2931 tam“
1235 2876 1485 2947 ,inquis,
1509 2878 1679 2946 „ylen
1708 2874 1971 2933 omnia?“
2025 2877 2233 2946 Immo,

309 2950 364 3005 si
394 2952 538 3005 scias
574 2920 684 3018 (W'.
687 2883 749 3018 ἰ.
796 2949 970 3031 „qaid
1003 2946 1195 3002 iamim
1229 2948 1431 3018 inquis.
1484 2949 1714 3017 gloriose
1747 2949 1949 3002 omnia.
2003 2950 2056 3003 si
2089 2950 2227 3005 ΜΒ,

314 3022 576 3088 (ylariose.
650 3020 856 3087 Immo,
904 3020 956 3073 si
1008 3018 1110 3089 L..)
1164 3048 1237 3059 —
1282 3020 1545 3088 pertinet,
1600 3035 1714 3073 non
1766 3019 2016 3074 derideas
2071 3020 2229 3090 (W..)

367 3093 472 3156 ,.d
509 3090 603 3158 M„
639 3091 736 3145 vul
779 3106 828 3144 o.
904 3089 1164 3157 (Gronov.
1210 3105 1326 3144 non
1367 3091 1500 3160 post
1542 3094 1659 3144 tum
1703 3089 1833 3144 addi
1883 3090 2109 3160 voluit.)
2159 3121 2229 3132 -

312 3161 589 3225 derideas;
665 3109 916 3229 NJ}
919 3159 1512 3228 .)?—-m00aesar
1557 3177 1888 3230 qumneaep.
1942 3161 2227 3230 (W.)?-—

309 3231 426 3282 πίει·
460 3230 658 3284 maluit
693 3159 916 3300 (.Crat)
896 3164 954 3285 9)
993 3231 1084 3285 An
1117 3232 1234 3285 nisi
1266 3247 1323 3286 sc
1356 3248 1425 3286 m.
1456 3202 1627 3300 (W.)'?
1698 3237 1747 3286 2.
1794 3232 1940 3301 quod
1974 3233 2043 3286 ob
2073 3234 2227 3304 (W.).

311 3316 477 3367 quam
511 3301 575 3352 ob
611 3299 686 3353 M.
758 3303 1033 3370 quodnam
1067 3303 1133 3357 ob
1172 3302 1296 3357 edd.
1334 3304 1491 3371 vett„
1526 3302 1588 3356 B.
1629 3332 1696 3343 —
1734 3303 2015 3357 Intemelii
2053 3305 2168 3373 (W.
2171 3307 2231 3373 )?

314 3369 631 3423 -cczica
667 3370 814 3438 hosp.
855 3371 1113 3440 (Graevm)
1204 3374 1276 3440 22,
1312 3373 1370 3429 Ο.
1406 3374 1458 3429 h.
1494 3373 1684 3445 vulgo.
1739 3402 1807 3414 —
1859 3374 2048 3430 vellem
2082 3377 2231 3447 oqui-

312 3438 639 3507 dem(W.)⁴?
673 3468 745 3479 —-
772 3444 1005 3510 psecadc
1041 3443 1215 3514 (w.)‘3
