2338 3691
769 138 1288 195 EPISTOLARUM
1326 138 1393 194 X.
1432 145 1517 193 32.
1556 144 1642 192 33.
2041 135 2172 203 339

251 285 621 370 legionibus
649 319 740 333 --
764 307 1039 369 quorum
1084 285 1228 370 quis
1274 285 1475 350 ullam
1517 283 1715 349 finem
1751 269 1868 348 aut
1909 283 2172 348 modum

251 373 546 439 futurum
592 374 894 458 putabit?
940 410 1024 422 --
1036 424 1053 457 ,
1097 373 1616 438 incitatissimam
1667 373 1934 457 retinui,
1979 392 2172 457 aegre

251 456 670 547 meherculeS,
715 484 834 527 nec
871 463 1297 547 retinuissem,
1344 463 1399 528 si
1434 483 1567 527 uno
1603 463 1746 526 loco
1784 461 2172 545 habuissem,

251 555 453 636 upote
499 573 699 636 quum
747 552 1039 637 singulae
1086 551 1401 635 quaedam
1447 550 1744 616 cohortes
1791 551 2172 616 seditionem

252 640 545 705 fecerint.
617 640 924 724 Reliquas
971 662 1226 725 quoque
1270 640 1562 726 legiones
1605 661 1743 705 non
1777 638 2028 704 destitit
2068 639 2171 703 lit-

253 728 413 793 teris
460 732 654 813 atque
707 729 980 794 infinitis
1033 728 1612 814 pollicitationibus
1658 727 1945 793 incitare.
2033 726 2174 792 Nec

252 838 410 882 vero
473 818 688 882 minus
740 818 1019 902 Lepidus
1080 819 1275 883 ursit.
1307 839 1410 883 me
1474 821 1541 882 et
1601 817 1734 882 suis
1789 822 1856 882 et
1899 815 2173 882 Antonii

252 906 517 991 litteris,
571 909 647 970 ut
689 907 1014 992 legionem
1057 905 1266 971 XXX.
1320 906 1643 971 mitterem
1696 906 1837 971 sibi.
1924 904 2172 991 Itaque,
2208 913 2241 963 6

256 1016 450 1078 quem
496 995 844 1065 exercitum
887 1017 1096 1080 neque
1142 994 1419 1060 vendere
1464 995 1614 1060 ullis
1658 995 1960 1079 praemiis
1996 995 2174 1061 volui

254 1104 379 1148 nec
425 1105 647 1149 eorum
691 1085 1123 1168 periculorum
1166 1087 1371 1169 metu,
1425 1105 1589 1168 quae
1642 1084 1993 1150 victoribus
2044 1085 2173 1148 illis

254 1171 828 1258 portendebantur,
863 1172 1250 1258 deminuere,
1285 1172 1531 1238 debetis
1567 1173 1930 1237 existimare
1965 1176 2173 1238 reten-

254 1264 401 1325 tum
464 1264 530 1326 et
592 1265 1043 1327 conservatum
1086 1262 1183 1325 rei
1235 1262 1531 1346 publicae
1595 1283 1761 1346 esse,
1824 1264 2018 1345 atque
2080 1262 2175 1325 ita

258 1350 543 1435 credere,
613 1370 738 1424 me,
801 1349 1246 1435 quodcumque
1317 1350 1780 1436 imperassetis,
1850 1349 2174 1414 facturum

254 1438 487 1523 fuisse,
532 1438 615 1523 si,
660 1440 830 1523 quod
885 1439 1191 1524 iussistis,
1243 1439 1396 1504 feci.
1451 1461 1605 1504 nam
1658 1443 1725 1504 et
1775 1439 2177 1524 provinciam

254 1529 331 1592 in
376 1528 508 1593 otio
565 1530 634 1592 et
675 1528 1025 1594 exercitum
1075 1529 1148 1592 in
1201 1550 1347 1592 mea
1397 1531 1718 1613 potestate
1771 1528 1979 1611 tenui3
2032 1527 2174 1592 fini·

256 1615 382 1680 bus
428 1638 607 1682 meae
651 1617 1020 1702 provinciae
1056 1638 1377 1700 nusquam
1414 1618 1680 1701 excessi3
1724 1616 1995 1681 militem
2040 1638 2176 1682 non

258 1705 453 1770 modo
480 1706 928 1791 legionarium,
964 1705 1075 1771 sed
1112 1727 1197 1771 ne
1236 1706 1640 1771 auxiliarium
1676 1705 1936 1790 quidem
1970 1706 2176 1771 ullum

260 1815 588 1880 quoquam
623 1795 771 1861 misi
807 1798 890 1881 et,
935 1795 990 1861 si
1026 1815 1189 1880 quos
1226 1795 1472 1880 equites
1512 1793 1908 1861 discedentes
1944 1798 2175 1860 nactus

259 1905 432 1968 sum,
478 1884 792 1970 supplicio
839 1884 1046 1949 affeci:
1103 1906 1376 1969 quarum
1429 1906 1643 1950 rerum
1686 1885 1971 1950 fructum
2016 1886 2176 1949 satis

258 1993 574 2058 magnum
626 1995 696 2038 re
750 1973 1011 2058 publica
1064 1973 1244 2037 salva
1295 1974 1520 2038 tulisse
1565 1994 1667 2038 me
1719 1973 1991 2058 putab03
2046 1974 2176 2057 sed,

258 2082 364 2126 res
410 2062 669 2146 publica
713 2062 770 2126 si
812 2083 915 2126 me
962 2061 1121 2127 satis
1175 2062 1465 2127 novisset
1518 2065 1584 2127 et
1635 2063 1840 2128 maior
1884 2085 2034 2147 pars
2081 2085 2175 2127 se·

259 2154 482 2234 natuS,
534 2151 809 2216 maiores
865 2172 941 2215 ex
985 2170 1088 2214 me
1141 2150 1390 2215 fructus
1434 2151 1706 2216 tulisset.
1773 2150 2177 2254 Epistolam,

260 2260 457 2341 quam
502 2238 738 2323 Balbo,
783 2260 1007 2322 quum·
1027 2239 1222 2304 etiam
1266 2260 1439 2305 nunc
1482 2240 1554 2303 in
1605 2240 1937 2323 provincia
1990 2245 2177 2325 esset,

260 2328 517 2412 scripsi,
577 2328 920 2414 legendam
980 2327 1104 2392 tibi
1156 2328 1330 2411 misi3
1392 2328 1588 2393 etiam
1640 2333 2067 2415 praetextam,
2121 2331 2175 2394 si

257 2416 440 2482 voles
485 2379 717 2503 segete,
761 2414 1019 2481 Gallum
1065 2376 1464 2501 Cornelium,
1515 2417 1900 2482 familiarem
1945 2441 2177 2504 meum,

259 2505 531 2591 poscito.
621 2520 717 2567 vl.
761 2502 917 2572 Idus
961 2502 1204 2589 Iunias,
1250 2502 1565 2571 Corduba.

1059 2698 1370 2765 XXXIII.

264 2812 380 2868 Scr.
427 2811 488 2868 111
533 2811 812 2882 Hispania
855 2812 1122 2954 altellggre
1165 2813 1628 2940 ineuntenpiense
1673 2815 1833 2871 Iunio
1882 2814 2036 2884 (ante
2078 2813 2173 2871 VI.

1097 2899 1145 2938 a.
1185 2902 1224 2937 11
1279 2901 1308 2939 c

678 3007 941 3063 POLLIO
979 3006 1321 3063 CICERONI
1360 3007 1509 3064 SAL.
1548 3007 1756 3064 PLUR.

397 3106 459 3174 S.
505 3129 563 3172 v.
608 3108 669 3173 b.
715 3130 768 3173 e.
813 3130 865 3172 e.
913 3130 970 3193 q.
1016 3131 1074 3173 v.
1175 3107 1315 3185 Quo
1368 3108 1615 3175 tardius
1671 3108 1904 3173 certior
1955 3110 2175 3176 fierem
2215 3125 2242 3172 1

261 3198 340 3264 de
395 3197 658 3282 proeliis
721 3197 892 3282 apud
947 3197 1269 3263 Mutinam
1330 3198 1548 3282 factis,
1610 3196 1891 3281 Lepidus
1950 3200 2177 3285 effecit,

403 3353 508 3425 Ep
547 3361 641 3421 32,
670 3360 721 3409 4.
812 3356 957 3480 leydc
959 3354 1152 3408 XXX
1202 3353 1336 3424 (Mn)
1429 3355 1523 3423 109.
1562 3355 1928 3409 tricem-§imm
1981 3356 2231 3424 vulgo..

263 3432 313 3480 5.
369 3426 606 3491 credere,
641 3442 748 3492 mc,
783 3427 957 3495 quode
1045 3425 1448 3492 facturumf.
1488 3424 1637 3494 (W..)
1712 3441 1805 3490 cr,
1841 3442 1889 3493 q.
1965 3424 2056 3491 ‚fi
2092 3439 2175 3477 me

264 3499 305 3565 f.
344 3497 455 3565 Or.,
491 3497 551 3551 B.
593 3528 659 3538 -—
696 3467 1023 3553 discedentes
1057 3496 1210 3565 (On).
1283 3495 1580 3551 decedentis
1616 3495 1707 3561 M„
1744 3494 1931 3564 vulgo.

1640 3583 1748 3634 22*
