2338 3691
775 46 1304 127 FJPISTOLARUM
1344 73 1384 124 1.
1429 78 1473 124 1.
1513 77 1561 124 2.
2097 69 2137 131 3

210 216 401 299 nasti,
452 238 596 282 non
654 220 819 281 sunt
867 218 1080 301 amici3
1130 239 1255 282 nos
1311 217 1382 280 in
1438 237 1632 280 causa
1687 214 2138 279 auctoritatem
2177 235 2211 282 4

219 326 288 369 eo
332 305 654 370 minorem
700 305 1048 389 habemuS,
1102 306 1276 389 quod
1320 304 1441 368 tibi
1488 304 1842 404 debemus,
1865 303 2142 388 gratiam

224 396 437 458 autem
479 397 779 459 nostram
827 395 1182 479 exstinguit
1225 393 1564 458 hominum
1609 391 1915 476 suspicio,
1971 391 2142 475 quod

225 481 528 567 Pompeio
575 504 645 547 se
693 482 1045 567 gratificari
1097 485 1350 566 putant.
1437 480 1533 546 Ut
1575 481 1646 545 in
1701 481 1891 546 rebus
1936 480 2142 544 multo

228 574 397 654 ante,
442 592 638 654 quam
684 571 1013 654 profectus
1061 593 1146 654 eS,
1195 570 1276 634 ab
1320 571 1461 655 ipso
1492 591 1642 655 rege
1690 572 1755 633 et
1787 568 1869 632 ab
1896 569 2143 631 intimis

225 680 301 722 ac
351 658 719 723 domesticis
761 658 1052 744 Pompeii
1098 661 1264 723 616111
1309 659 1714 742 exulceratiS,
1759 656 1986 721 deinde
2032 679 2142 757 pa-

222 748 361 810 lam
407 769 447 810 a
493 747 935 812 consularibus
992 747 1333 832 exagitatis
1389 750 1454 811 et
1505 748 1575 810 in
1622 767 1938 811 summam
1982 745 2143 809 invi-

226 836 406 899 diam
454 835 762 920 adductis,
804 836 899 900 ita
942 858 1300 901 versamur.
1346 839 1639 900 nostram
1683 835 1876 899 fidem
1904 854 2146 916 omneS,

227 945 519 988 amorem
566 924 663 987 tui
717 887 1000 988 a'bsentis
1046 928 1416 1009 praesentes
1472 924 1569 988 tui
1616 925 2037 1009 cognoscent3
2091 922 2147 986 si

229 1016 403 1076 esset
447 1013 519 1075 in
574 1012 655 1076 iis
707 1013 891 1097 fides,
942 1014 1014 1077 in
1069 1013 1301 1096 quibus
1358 1034 1609 1077 summa
1663 1033 1800 1078 esse
1857 1011 2149 1094 debebat,

228 1123 370 1166 non
419 1100 876 1165 laboraremus,
2093 1134 2096 1137 ¹

992 1340 993 1343 ,
1144 1294 1229 1361 II.

389 1407 502 1462 Ser.
532 1407 743 1461 Romae
772 1423 821 1462 a.
853 1407 904 1460 d.
936 1407 1080 1462 XVI.
1110 1409 1235 1463 Kal.
1264 1407 1600 1465 Februarias
1629 1423 1678 1461 6.
1708 1424 1761 1459 11.
1792 1423 1837 1460 c.
1869 1411 1992 1460 698.

527 1531 603 1585 Μ.
635 1529 891 1587 CICERO
921 1531 974 1586 S.
1004 1531 1070 1585 D.
1099 1532 1159 1585 P.
1189 1529 1856 1604 LENTULOLPROCOS.

369 1629 592 1695 Idibus
628 1631 946 1695 Ianuariis
999 1632 1070 1696 in
1125 1635 1354 1697 senatu
1410 1632 1575 1697 nihil
1620 1634 1719 1696 est
1768 1629 2151 1716 confectum,

232 1722 581 1803 propterea
639 1720 810 1803 quod
864 1720 998 1784 dies
1053 1742 1294 1806 magna
1357 1743 1435 1785 ex
1492 1723 1675 1805 parte
1732 1727 2152 1804 consumptus

234 1811 336 1873 est
377 1808 795 1873 altercatione
842 1807 1103 1873 Lentuli
1148 1810 1431 1875 consulis
1487 1811 1553 1874 et
1598 1806 1854 1874 Caninii
1908 1809 2153 1874 tribuni

233 1897 321 1981 pl.
396 1896 497 1962 Eo
544 1897 646 1961 die
692 1919 812 1962 nos
859 1920 1112 1982 quoque
1158 1900 1363 1963 multa
1408 1899 1606 1963 verba
1639 1899 1908 1962 fecimus
1953 1898 2152 1962 maxi-

235 2006 468 2068 meque
523 1984 645 2049 visi
710 2007 928 2050 sumus
990 1990 1286 2051 senatum
1341 1987 1948 2052 commemoratione
2000 1989 2152 2050 tuae

235 2074 596 2138 voluntatis
654 2094 809 2159 erga
862 2074 1048 2138 illum
1103 2075 1395 2139 ordinem
1447 2097 1836 2160 permovere.
1925 2073 2152 2159 Itaque

235 2161 550 2246 postridie
595 2163 840 2246 placuit
893 2166 967 2227 ut
1011 2163 1292 2229 breviter
1340 2164 1727 2228 sententiam
1772 2164 2153 2246 diceremus;

234 2250 581 2314 videbatur
609 2250 781 2314 enim
806 2252 1221 2316 reconciliata
1247 2251 1435 2316 nobis
1464 2253 1763 2317 voluntas
1804 2273 1941 2317 esse
1970 2273 2152 2317 sena-

235 2343 374 2421 tus,
431 2338 605 2422 quod
651 2360 850 2423 quum
896 2340 1193 2424 dicendo,
1246 2343 1413 2405 tum
1434 2340 1705 2426 singulis
1753 2339 2153 2425 appellandis

235 2425 674 2527 rogandisque
727 2449 1202 2512 perspexeram3
1264 2430 1511 2513 itaque,
1572 2451 1770 2513 quum
1834 2429 2156 2494 sententia

208 2516 448 2599 'prima
475 2513 694 2579 Bibuli
721 2517 1142 2599 pronuntiata
1187 2520 1373 2601 esset,
1416 2521 1491 2582 ut
1534 2521 1665 2582 tres
1709 2518 1910 2604 legati
1935 2539 2156 2604 regem

236 2604 646 2687 reducerent,
703 2605 982 2669 secunda
1024 2604 1387 2691 Hortensii,
1444 2609 1519 2670 ut
1563 2610 1636 2670 tu
1691 2606 1827 2671 sine
1875 2606 2154 2671 exercitu

237 2693 607 2775 reduceres,
671 2692 863 2756 tertia
914 2692 1225 2778 Volcatii,
1286 2697 1360 2758 ut
1412 2694 1756 2780 Pompeius
1810 2695 2156 2777 reduceret,

238 2782 643 2863 postulatum
688 2784 804 2864 est,
849 2785 923 2845 ut
947 2780 1166 2845 Bibuli
1194 2784 1516 2847 sententia
1544 2783 1956 2848 divideretur:
2004 2804 2154 2866 qua-

239 2872 430 2933 tenus
477 2868 557 2934 de
601 2869 913 2953 religione
959 2870 1239 2955 dicebat,
1285 2871 1388 2936 cui
1434 2872 1690 2956 quidem
1733 2872 1827 2935 rei
1870 2871 2000 2935 iam
2046 2871 2155 2936 ob-

242 2955 384 3021 sisti
436 2979 577 3022 non
628 2961 912 3042 poterat,
965 2957 1201 3024 Bibulo
1258 2981 1591 3025 assensum
1637 2962 1758 3043 est3
1816 2960 1894 3023 de
1948 2959 2155 3025 tribus

2193 1649 2219 1695 1

239 3046 476 3130 legatis
530 3045 898 3130 frequentes
952 3048 1167 3113 ierunt
1220 3048 1291 3112 in
1348 3049 1476 3112 alia
1535 3009 1767 3113 omnia’.
1856 3047 2155 3112 Proxima
2194 3062 2225 3108 2

243 3136 385 3198 erat
429 3133 767 3203 Hortensii
813 3137 1152 3221 sententia,
1200 3158 1396 3220 quum
1423 3134 1663 3220 Lupus,
1706 3136 2005 3200 tribunus
2051 3136 2157 3217 pl,

242 3222 417 3306 quod
458 3223 610 3308 ,ipse
667 3223 745 3287 de
800 3222 1107 3308 Pompeio
1162 3224 1513 3307 retulisset,
1566 3223 1898 3287 intendere
1946 3222 2157 3302 coepit

330 3467 345 3476 .
384 3414 490 3486 Ep.
519 3421 570 3485 2,
603 3422 649 3470 1.
724 3417 1045 3472 sententiam
1083 3416 1234 3481 (W.).
1306 3415 1597 3468 sententias
1632 3413 1705 3478 M,
1750 3424 1938 3464 omnes
1976 3405 2100 3457 edd.

1664 3497 1734 3551 1*
