2338 3691
784 135 1302 212 EPISTOLARUM
1336 138 1380 192 1.
1418 143 1573 191 5—7.
2090 137 2134 199 9

213 281 468 364 partim
513 281 845 346 obscurius
898 282 1130 366 iniqui,
1186 281 1425 365 partim
1476 302 1614 346 non
1660 281 2144 345 dissimulanter

215 370 403 433 irati·
468 373 540 433 tu
595 370 699 434 fac
754 370 973 434 animo
1022 371 1179 435 forti
1233 391 1599 455 magnoque
1655 371 1742 434 sis
1799 391 2142 454 speresque

213 458 386 542 fore,
424 461 499 522 ut
531 458 740 523 fracto
778 459 1022 542 impetu
1058 458 1366 523 levissimi
1402 458 1683 524 hominis
1721 461 1899 523 tuam
1925 458 2141 544 pristi-

215 568 382 611 nam
431 545 815 631 dignitatem
861 550 925 611 et
969 547 1244 632 gloriam
1289 568 1699 632 consequare.

1121 741 1236 806 VI.

544 851 657 909 Scr.
685 853 894 909 Romae
920 871 1109 909 mense
1137 854 1442 909 Februario
1470 870 1520 909 a,
1549 873 1604 910 u.
1634 871 1679 909 c.
1710 860 1830 910 698.

497 975 570 1030 Μ.
609 975 862 1032 CICERO
902 977 955 1032 S.
993 978 1059 1033 D.
1096 978 1158 1032 P.
1197 978 1541 1033 LENTULO
1582 978 1874 1033 PROCOS.

364 1073 543 1151 Quae
588 1081 922 1161 gerantur,
968 1079 1240 1162 accipies
1287 1100 1365 1143 ex
1407 1077 1727 1162 Pollione,
1782 1079 1892 1162 qui
1938 1079 2139 1143 omni·
2183 1098 2209 1146 ι

218 1164 351 1229 bus
395 1165 678 1249 negotiis
723 1187 860 1231 non
903 1166 1201 1232 interfuit
1244 1169 1471 1250 solum,
1517 1167 1627 1232 sed
1673 1167 1969 1250 praefuit.
2034 1167 2140 1231 Me

223 1253 297 1316 in
328 1274 580 1318 summo
609 1253 849 1337 dolore,
875 1276 1065 1339 quem
1096 1252 1211 1343 [in]
1252 1257 1381 1320 tuis
1409 1256 1599 1320 rebus
1628 1256 1832 1357 capio,
1867 1257 2141 1319 maxime

223 1339 478 1405 scilicet
529 1343 903 1408 consolatur
947 1365 1119 1428 spes,
1174 1344 1347 1428 quod
1400 1344 1584 1408 valde
1641 1344 1932 1426 suspicor
1984 1344 2143 1426 fore,
2200 1407 2209 1417 ,

223 1432 305 1493 ut
346 1429 746 1515 infringatur
779 1431 1117 1496 hominum
1152 1432 1534 1516 improbitas
1581 1435 1646 1496 et
1681 1431 1965 1496 consiliis
2001 1435 2141 1496 tuo-

228 1539 380 1581 rum
430 1519 784 1583 amicorum
839 1523 903 1584 et
954 1521 1097 1604 ipsa
1151 1521 1280 1604 die,
1336 1541 1498 1605 quae
1554 1519 1848 1602 debilitat
1901 1521 2142 1605 cogita·

229 1606 443 1670 tiones
488 1611 556 1670 et
598 1608 1006 1673 inimicorum
1051 1612 1118 1673 et
1160 1608 1563 1693 proditorum
1615 1598 1901 1691 tuorum3
1955 1608 2142 1673 facile
2181 1629 2216 1676 2

233 1694 512 1761 secundo
548 1697 693 1760 loco
730 1718 833 1760 me
869 1697 1241 1763 consolatur
1272 1697 1630 1762 recordatio
1667 1718 1957 1761 meorum
1984 1700 2142 1761 tem-

230 1805 482 1868 porum,
527 1806 803 1868 quorum
838 1785 1190 1872 imaginem
1224 1786 1410 1852 video
1435 1787 1518 1873 ¹in
1552 1787 1743 1852 rebus
1780 1786 1928 1869 tuiS,
1973 1807 2145 1871 nam,

231 1873 356 1937 etsi
399 1873 649 1938 minore
694 1875 764 1938 in
808 1896 877 1939 re
922 1876 1203 1940 violatur
1245 1878 1360 1940 tua
1408 1876 1717 1960 dignitas,
1763 1897 1956 1959 quam
2001 1897 2147 1939 mea

232 1961 479 2025 afflicta
523 1966 648 2046 est,
705 1966 924 2027 tamen
977 1967 1078 2028 est
1120 1968 1310 2028 tanta
1354 1964 1730 2048 similitudo,
1775 1967 1850 2028 ut
1894 1985 2144 2047 sperem

229 2053 295 2113 te
346 2048 507 2113 mihi
549 2050 901 2135 ignoscere,
947 2052 1002 2115 si
1048 2074 1124 2116 ea
1169 2074 1304 2117 non
1349 2053 1690 2136 timuerim,
1735 2073 1898 2135 quae
1943 2074 2024 2116 ne
2070 2056 2144 2116 tu

231 2136 496 2223 quidem
548 2160 853 2222 umquam
905 2139 1194 2204 timenda
1238 2141 1492 2205 duxisti.
1596 2139 1721 2205 Sed
1778 2145 2035 2225 praesta
2079 2144 2147 2204 te

232 2248 411 2310 eum,
467 2227 577 2311 qui
620 2228 782 2292 mihi
828 2250 867 2292 a
911 2229 1179 2313 teneris,
1231 2233 1306 2293 ut
1350 2227 1577 2293 Graeci
1623 2229 1869 2313 dicunt,
1914 2230 2146 2313 ungui·

231 2315 397 2380 culis
443 2336 511 2379 es
557 2316 883 2401 cognitus:
927 2316 1295 2402 illustrabit,
1339 2318 1500 2381 mihi
1545 2317 1747 2400 crede,
1791 2320 1978 2381 tuam
2017 2338 2146 2380 am-

228 2402 618 2488 plitudinem
661 2404 997 2469 hominum
1039 2406 1293 2470 iniuria.
1382 2405 1444 2470 A
1488 2427 1591 2470 me
1637 2405 1856 2470 omnia
1899 2416 2148 2469 summa

210 2494 304 2556 ‘in
350 2495 414 2556 te
463 2492 676 2557 studia
722 2493 1059 2578 officiaque
1105 2498 1427 2579 exspecta:
1473 2515 1609 2559 non
1642 2494 1866 2558 fallam
1903 2494 2148 2578 opinio·

229 2602 387 2644 nem
429 2583 628 2644 tuam.

1118 2775 1267 2841 VII.

594 2886 709 2942 Scr.
737 2887 948 2942 Romae
975 2904 1164 2943 mense
1192 2888 1397 2943 Martio
1425 2904 1474 2942 a.
1505 2907 1557 2943 u.
1588 2906 1634 2943 c.
1664 2894 1784 2943 698.

519 3010 593 3065 M.
624 3010 878 3066 CICERO
920 3010 973 3065 S.
1003 3011 1068 3066 D.
1096 3012 1159 3066 P.
1189 3011 1532 3067 LENTULO
1571 3010 1862 3066 PROCOS.

368 3109 531 3195 Legi
576 3114 724 3175 tuas
768 3112 1036 3195 litteraS,
1082 3112 1314 3195 quibus
1353 3111 1435 3175 ad
1479 3134 1582 3176 me
1620 3112 1843 3176 scribis
1889 3116 2147 3198 gratum
2188 3134 2214 3180 ι

230 3198 355 3263 tibi
402 3220 559 3284 esse,
605 3200 778 3284 quod
824 3200 1046 3265 crebro
1094 3201 1327 3265 certior
1372 3221 1488 3284 per
1532 3221 1633 3264 me
1678 3200 1796 3264 fias
1834 3200 1911 3264 de
1945 3201 2146 3266 omni-

231 3288 355 3353 bus
409 3288 602 3352 rebus
658 3291 725 3352 et
778 3309 989 3352 meam
1043 3310 1199 3374 erga
1260 3292 1327 3352 te
1381 3287 1897 3353 benevolentiam
1958 3290 2148 3352 facile

373 3478 480 3549 Ep.
511 3486 561 3548 6,
593 3486 641 3534 1.
697 3497 851 3549 quem
880 3481 979 3549 [in]
1008 3482 1121 3535 tuis
1148 3479 1299 3549 (W.).
1356 3496 1403 3548 q.
1432 3496 1499 3534 ex
1525 3485 1563 3533 t.
1595 3480 1747 3547 (L.)‘?·
1787 3495 1836 3545 q.
1864 3478 1988 3530 int.
2012 3476 2147 3527 ΜΒ.
