2338 3691
236 145 370 209 652
752 141 1112 198 EPISTOLA
1148 142 1212 209 Q.
1249 140 1631 197 CICERONIS

239 290 628 355 studuerunt
677 288 830 354 huic
884 289 1157 375 gratiae,
1199 292 1422 353 tamen
1476 309 1554 352 ex
1604 290 1898 370 tempore
1944 285 2148 351 elabo-

238 399 383 442 rare
430 379 567 442 eius
611 399 832 461 causa,
876 379 981 443 cui
1026 377 1263 441 debent
1306 381 1422 441 aut
1464 377 1719 457 volunt,
1770 375 1965 439 facile
2008 397 2146 459 pos·

239 469 417 530 sunt:
461 466 564 530 his
606 465 944 531 hominum
989 466 1334 550 generibus
1380 465 1472 528 sic
1508 463 1991 529 inserviendum
2037 467 2150 546 est,

238 558 314 617 ut
356 555 481 637 ipsi
525 553 897 654 intelligant
938 557 1004 618 te
1049 554 1291 637 videre,
1345 552 1518 654 quid·
1545 574 1586 615 a
1629 572 1886 635 quoque
1934 573 2146 635 exspe-

239 644 401 724 ctes,
455 641 720 725 sentire,
774 641 927 724 quid
972 642 1279 726 accipias,
1329 641 1722 723 meminisse,
1776 638 1933 723 quid
1979 660 2147 703 acce·

238 730 434 812 peris;
489 733 645 794 sunt
698 735 915 794 autem
969 730 1106 811 alii,
1160 729 1270 813 qui
1324 733 1438 794 aut
1490 728 1655 794 nihil
1707 730 1989 812 possunt
2041 732 2149 792 aut

238 817 434 880 etiam
479 817 627 883 odio
675 821 829 882 sunt
870 818 1216 883 tribulibus
1261 818 1396 881 suis
1440 838 1561 881 nec
1605 815 1852 881 habent
1894 819 2148 879 tantum

238 905 438 968 animi
483 909 598 970 aut
640 906 999 989 facultatiS,
1043 909 1119 971 ut
1161 906 1493 970 enitantur
1538 927 1616 969 ex
1658 907 1977 988 tempore:
2032 904 2151 970 hos

236 998 314 1057 ut
356 993 777 1078 internoscas,
823 993 1058 1078 videto,
1100 1016 1185 1059 ne
1231 1014 1345 1078 spe
1391 994 1462 1058 in
1498 994 1714 1076 aliquo
1751 993 1996 1057 maiore
2040 1015 2149 1076 po-

158 1073 367 1179 Jssita
428 1083 732 1166 praesidii
794 1104 1023 1166 parum
1078 1085 1502 1166 comparetur.
1589 1080 1708 1164 Et,
1761 1103 2149 1165 quamquam

158 1140 442 1253 “partis
488 1191 564 1235 ac
605 1169 896 1235 fundatis
932 1170 1230 1235 amicitiis
1266 1170 1505 1235 fretum
1540 1189 1616 1233 ac
1651 1169 1977 1233 munitum
2013 1191 2150 1233 esse

240 1261 523 1342 oportet,
577 1262 798 1323 tamen
842 1259 913 1322 in
956 1260 1099 1342 ipsa
1141 1259 1455 1343 petitione
1511 1257 1828 1322 amicitiae
1874 1259 2150 1342 permul-

237 1349 345 1410 tae
391 1368 465 1410 ac
508 1348 815 1431 perutiles
874 1351 1354 1431 comparantur3
1410 1368 1563 1410 nam
1616 1345 1687 1410 in
1740 1346 1972 1410 ceteris
2019 1368 2149 1411 mo-

237 1434 442 1499 lestiis
488 1434 687 1499 habet
728 1435 854 1500 hoc
896 1439 1121 1499 tamen
1162 1437 1391 1519 petitio
1439 1433 1776 1517 commodi,
1818 1437 1896 1498 ut
1938 1435 2149 1518 possis

237 1522 537 1605 honeste,
591 1524 762 1607 quod
807 1523 877 1587 in
923 1528 1134 1588 cetera
1178 1524 1313 1588 vita
1355 1544 1492 1589 non
1537 1544 1760 1606 queas„
1814 1543 2148 1607 quoscum-

239 1632 363 1693 que
425 1612 584 1675 velis
648 1611 997 1696 adiungere
1059 1611 1142 1675 ad
1206 1612 1553 1676 amicitiam
1568 1661 1586 1694 ,
1648 1610 2033 1694 quibuscum
2096 1611 2149 1675 si

239 1700 367 1763 alio
422 1702 711 1783 tempore
765 1720 950 1785 agas,
1011 1704 1086 1765 ut
1135 1703 1203 1763 te
1256 1703 1553 1781 utantur,
1607 1699 1882 1765 absurde
1935 1699 2148 1763 facere

237 1787 519 1872 videare,
580 1787 652 1853 in
695 1788 1009 1873 petitione
1072 1791 1291 1854 autem
1351 1788 1479 1854 nisi
1532 1788 1598 1852 id
1653 1807 1812 1873 agas
1875 1789 1943 1852 et
2006 1809 2148 1853 cum

237 1877 458 1941 multis
523 1879 589 1940 et
650 1876 1020 1962 diligenter,
1090 1878 1309 1942 nullus
1370 1877 1611 1961 petitor
1673 1897 1812 1941 esse
1874 1876 2147 1941 videare.

158 1978 210 2017 ²6
235 1962 382 2047 Ego
430 1966 645 2028 autem
695 1965 818 2029 tibi
871 1965 997 2030 hoc
1041 1965 1351 2031 confirmo
1362 2016 1381 2050 ,
1434 1987 1572 2030 esse
1617 1965 1970 2048 neminem,
2025 1965 2146 2029 nisi

238 2051 455 2133 aliqua
497 2051 967 2117 necessitudine
1003 2054 1497 2154 competitorum
1537 2053 1727 2118 alicui
1761 2056 2028 2118 tuorum
2067 2055 2147 2117 sit

237 2138 603 2223 adiunctus,
654 2161 696 2205 a
740 2162 867 2224 quo
913 2163 1050 2207 non
1091 2141 1310 2224 facile,
1363 2142 1419 2206 si
1464 2141 1897 2225 contenderiS,
1949 2142 2144 2225 impe·

235 2232 408 2291 trare
461 2228 698 2312 possis,
759 2233 834 2293 ut
888 2251 1005 2295 suo
1058 2230 1370 2295 beneficio
1423 2233 1893 2314 promereatur,
1948 2251 2016 2294 se
2074 2233 2147 2293 ut

237 2336 413 2380 ames
451 2321 518 2380 et
552 2317 676 2381 sibi
710 2320 786 2381 ut
820 2317 1072 2401 debeaS,
1115 2318 1309 2383 modo
1346 2320 1421 2382 ut
1454 2318 1779 2402 intelligat
1821 2321 1887 2381 te
1925 2318 2145 2403 magni

237 2404 577 2468 aestimare
623 2426 702 2468 ex
745 2406 961 2472 animo
1007 2426 1219 2490 agere,
1261 2406 1426 2470 bene
1471 2428 1539 2470 se
1584 2427 1841 2490 ponere,
1883 2406 2025 2470 fore
2070 2428 2145 2469 ex

237 2512 313 2556 eo
369 2513 505 2556 non
558 2493 817 2558 brevem
874 2497 942 2558 et
995 2493 1512 2578 suifragatoriam
1523 2544 1542 2578 ,
1604 2494 1714 2558 sed
1767 2494 2020 2558 firmam
2082 2497 2148 2558 et

156 2603 208 2642 ετ
236 2585 613 2664 perpetuam
668 2582 1031 2647 amicitiam.
1118 2581 1330 2646 Nemo
1386 2582 1535 2665 erit,
1586 2581 1746 2646 mihi
1803 2582 2015 2665 crede,
2077 2582 2145 2645 in

237 2689 364 2751 quo
409 2668 601 2733 modo
650 2669 891 2753 aliquid
936 2671 1039 2753 sit,
1084 2671 1195 2753 qui
1238 2669 1364 2735 hoc
1398 2673 1652 2754 tempus
1695 2669 1818 2734 sibi
1856 2671 2144 2736 oblatum

237 2757 554 2820 amicitiae
610 2762 823 2822 tecum
878 2758 1367 2823 constituendae
1413 2760 1912 2843 praetermittat,
1963 2780 2143 2842 prae-

237 2845 458 2908 sertim
520 2865 719 2927 quum
780 2844 902 2909 tibi
962 2845 1088 2910 hoc
1144 2868 1330 2911 casus
1384 2846 1638 2928 afferat,
1699 2849 1775 2911 ut
1826 2847 1875 2911 ii
1931 2850 2144 2911 tecum

234 2935 489 3015 petant,
543 2954 814 3015 quorum
870 2934 1151 2998 amicitia
1206 2936 1321 2998 aut
1364 2934 1836 2999 contemnenda
1888 2938 2005 2999 aut
2047 2935 2141 2998 fu-

236 3020 472 3104 gienda
525 3021 637 3103 sit,
690 3024 758 3085 et
810 3022 920 3105 qui
973 3021 1124 3106 hoc,
1180 3020 1350 3105 quod
1406 3043 1527 3107 ego
1581 3027 1646 3087 te
1704 3022 1957 3106 hortor,
2009 3044 2143 3087 non

156 3129 209 3169 28
235 3109 427 3174 modo
457 3109 730 3192 assequi,
764 3109 876 3173 sed
913 3130 995 3174 ne
1031 3110 1312 3194 incipere
1350 3111 1607 3194 quidem
1632 3111 1903 3195 possint.
1974 3110 2144 3175 Nam

377 3269 426 3327 6,
456 3269 540 3317 24.
615 3267 793 3319 animi
827 3271 927 3320 aut
969 3267 1012 3333 f.
1050 3267 1199 3402 (vulc
1177 3270 1289 3369 go).
1373 3286 1425 3322 a.
1465 3285 1531 3322 ac
1564 3268 1606 3334 f.
1643 3267 1787 3334 Erfi,
1821 3266 1885 3321 Β.
1982 3274 2028 3334 7,
2060 3273 2143 3320 25.

235 3333 512 3395 commodi,
549 3339 613 3386 ut
639 3338 821 3402 possis
857 3338 1049 3403 (vulo
1270 3342 1426 3408 potes
1460 3338 1594 3406 Erf„
1633 3344 1664 3391 2
1695 3338 1935 3404 Gruteri,
1973 3339 2036 3391 Β.
2075 3367 2139 3376 -·

233 3400 298 3445 ut
333 3401 382 3448 te
418 3352 706 3478 utantur-p(
688 3405 918 3473 (vulgo)
1027 3425 1100 3460 m.
1136 3354 1271 3474 Ecrf,
1270 3354 1341 3459 P2
1372 3408 1530 3462 Grut.
1606 3408 1693 3491 [ut
1726 3413 1777 3462 te
1812 3408 1892 3491 ¹⁶2]
1930 3408 1993 3461 Β.
2058 3413 2140 3461 26.

234 3462 349 3514 nisi
383 3467 434 3517 si
461 3468 603 3533 (cdd
643 3472 944 3544 Palermi)?
1015 3477 1129 3531 nisi
1163 3479 1216 3530 si
1250 3479 1348 3546 qui
1385 3478 1557 3547 (W.)?
1628 3479 1742 3532 nisi
1776 3480 1874 3548 qui
1909 3478 2018 3546 (W
2022 3480 2078 3536 3?
