2338 3691
210 118 291 182 78
552 122 559 127 ’
769 117 843 172 Μ.
883 115 1130 170 TULLII
1167 114 1549 170 CICERONIS

207 287 334 349 eas,
380 286 537 349 quas
582 263 704 328 tibi
749 261 930 327 reddi
974 262 1184 327 velim.
1254 260 1355 327 De
1400 260 1660 326 Parthis
1706 260 1877 346 quod
1923 283 2116 345 quae·

205 354 315 438 ris,
358 353 555 417 fuisse
600 352 815 417 nullos
859 354 1046 436 puto;
1091 351 1341 416 Arabes
1384 350 1494 435 qui
1527 349 1795 415 fuerunt
1830 349 2117 415 admixto

205 441 507 507 Parthico
555 443 807 525 ornatu,
852 441 1152 505 dicuntur
1199 461 1419 506 omnes
1455 440 1819 522 revertisse3
1862 439 2120 504 hostem

208 551 345 596 esse
390 530 460 594 in
498 527 683 614 Syria
718 534 966 616 negant
1000 530 1220 595 ullum.
1293 528 1389 593 Tu
1429 528 1619 593 velim
1655 528 1738 592 ad
1783 549 1884 592 me
1922 549 2121 612 quam

208 618 576 704 saepissime
632 622 699 683 et
751 619 828 683 de
874 619 1004 683 tuis
1057 620 1249 684 rebus
1296 618 1537 683 scribas
1591 620 1658 682 et
1710 617 1788 681 de
1846 617 2007 681 meis
2054 618 2121 680 et

208 708 285 773 de
333 708 510 773 omni
553 708 646 772 rei
690 708 984 792 publicae
1040 711 1243 792 statu,
1298 706 1376 771 de
1430 728 1558 790 quo
1614 728 1757 770 sum
1804 705 2119 770 sollicitus

208 818 283 862 eo
330 797 538 882 magis
548 847 566 880 ,
622 796 794 880 quod
839 818 918 861 ex
960 796 1090 861 tuis
1134 796 1368 861 litteris
1415 795 1691 881 cognovi
1734 793 2121 879 Pompeium

207 888 502 951 nostrum
547 886 618 949 in
660 884 1045 970 Hispaniam
1089 885 1348 950 iturum.

1099 1096 1215 1162 IX.

183 1210 322 1269 ‚Scin
351 1210 661 1266 Laodiceae
689 1226 877 1266 mense
905 1209 1210 1264 Februario
1234 1209 1409 1336 {gater
1435 1209 1566 1265 Idus
1594 1213 1652 1265 et
1669 1210 1761 1264 VI.
1781 1209 1905 1264 Kal.
1925 1209 2121 1280 Mart.)

967 1297 1014 1334 a.
1053 1299 1106 1334 u.
1146 1297 1192 1335 c.
1339 1323 1350 1335 .

662 1407 747 1461 M.
787 1405 1041 1462 o1cERo
1079 1405 1191 1461 ΑΡ.
1233 1404 1569 1461 PULCHRO
1608 1364 1698 1461 s(

141 1518 167 1565 1
342 1506 470 1572 Vix
530 1507 793 1571 tandem
855 1507 985 1592 legi
1046 1507 1296 1571 litteras
1361 1506 1590 1591 dignas
1644 1504 1768 1590 Ap.
1828 1504 2121 1590 Claudio,

208 1596 432 1678 plenas
494 1595 945 1678 humanitatiS,
1010 1595 1233 1677 officii,
1297 1594 1687 1679 diligentiae.
1794 1593 2118 1679 Aspectus

208 1683 505 1747 videlicet
537 1683 716 1748 urbis
754 1682 874 1747 tibi
911 1687 1092 1747 tuam
1127 1683 1470 1767 pristinam
1503 1683 1939 1748 urbanitatem
1975 1685 2118 1748 red-

209 1770 395 1834 didit:
441 1792 612 1855 nam,
651 1793 810 1856 quas
840 1793 916 1835 ex
943 1771 1192 1857 itinere,
1228 1775 1577 1856 antequam
1612 1793 1689 1835 ex
1717 1771 1877 1836 Asia
1904 1792 2118 1858 egres·

210 1882 317 1924 sus
365 1882 449 1944 eS,
495 1861 577 1924 ad
622 1882 724 1924 me
768 1861 1019 1926 litteras
1055 1862 1305 1946 misisti,
1348 1883 1511 1926 unas
1550 1861 1628 1925 de
1668 1862 1900 1947 legatis
1936 1884 1976 1926 a
2013 1885 2117 1927 me

208 1948 549 2032 prohibitis
603 1949 947 2034 proficisci,
1008 1952 1245 2015 alteras
1300 1951 1378 2014 de
1433 1949 1882 2034 Appianorum
1945 1952 2119 2015 aedi-

208 2038 507 2103 ficatione
534 2038 860 2123 impedita,
886 2039 1018 2124 legi
1044 2039 1430 2123 perinvitus;
1474 2039 1692 2123 itaque
1722 2040 2121 2104 conscientia

208 2147 388 2190 meae
452 2127 810 2192 constantis
873 2149 1028 2214 erga
1089 2131 1154 2193 te
1217 2127 1571 2193 voluntatis
1634 2129 1931 2213 rescripsi
1993 2129 2117 2194 tibi

210 2214 551 2281 subiratus.
640 2215 730 2280 Iis
784 2237 935 2282 vero
989 2217 1223 2282 litteris
1275 2216 1487 2301 lectiS,
1542 2238 1701 2300 quas
1745 2216 2127 2303 Philotimo,

207 2304 440 2369 liberto
495 2326 638 2370 meo
647 2356 665 2389 ,
720 2305 977 2389 dedisti,
1041 2305 1317 2391 cognovi
1371 2306 1782 2390 intellexique
1834 2306 1905 2370 in
1969 2329 2116 2391 pro·

209 2392 422 2457 vincia
466 2394 705 2460 multos
749 2394 966 2479 fuisse,
1011 2396 1122 2479 qui
1165 2416 1305 2478 nOS,
1352 2416 1479 2479 quo
1525 2395 1742 2460 animo
1777 2395 1951 2459 inter
1993 2417 2119 2461 nos

211 2503 429 2546 sumus
439 2533 456 2564 ,
510 2504 648 2547 esse
702 2484 977 2568 nollent,
1031 2484 1113 2548 ad
1167 2484 1392 2548 urbem
1448 2504 1598 2548 vero
1643 2486 1720 2547 ut
1772 2486 2118 2549 accesseris

209 2571 310 2635 vel
355 2571 571 2655 potius
616 2574 691 2636 ut
734 2573 1012 2656 primum
1056 2575 1205 2637 tuos
1250 2572 1512 2655 videris,
1567 2593 1881 2657 cognosse
1925 2577 1992 2638 te
2039 2596 2117 2638 ex

140 2729 148 2736 ‚
208 2660 314 2744 iis,
361 2682 488 2745 qua
530 2660 603 2724 in
645 2663 712 2724 te
759 2661 1091 2725 absentem
1134 2661 1288 2745 fide,
1344 2683 1472 2745 qua
1514 2660 1586 2725 in
1631 2662 1928 2727 omnibus
1978 2662 2117 2728 offi-

209 2750 324 2815 ciis
344 2749 626 2815 tuendis
672 2769 827 2834 erga
870 2753 936 2813 te
983 2749 1393 2815 observantia
1439 2752 1505 2815 et
1549 2750 1915 2815 constantia
1961 2751 2118 2816 fuis·

211 2860 362 2903 sem.
433 2836 659 2923 Itaque
708 2838 935 2922 quanti
977 2838 1137 2902 illud
1183 2861 1284 2904 me
1322 2839 1659 2904 aestimare
1696 2842 1905 2924 putaS,
1943 2840 2117 2924 quod

209 2931 309 2991 est
352 2928 421 2991 in
465 2928 596 2992 tuis
638 2928 871 2992 litteris
917 2927 1244 3012 scriptum,
1290 2928 1345 2992 si
1390 2928 1542 3012 quid
1587 2929 1901 3012 inciderit,
1946 2929 2118 3013 quod

211 3015 293 3078 ad
337 3038 547 3081 meam
593 3017 976 3103 dignitatem
1010 3018 1350 3101 pertineat,
1395 3017 1517 3081 etsi
1561 3018 1668 3081 vix
1710 3017 1849 3081 fieri
1894 3019 2123 3102 possit,

209 3105 428 3167 tamen
483 3108 546 3168 te
601 3128 823 3189 parem
876 3105 1037 3170 mihi
1092 3107 1370 3191 gratiam
1414 3106 1792 3170 relaturum!
1846 3110 1921 3170 tu
1965 3128 2118 3172 vero

210 3190 399 3254 facile
444 3190 668 3274 facies3
722 3193 887 3258 nihil
932 3198 1034 3258 est
1076 3196 1275 3277 enim,
1329 3194 1502 3278 quod
1557 3195 1769 3258 studio
1816 3198 1882 3258 et
1925 3196 2120 3260 bene·

139 3297 171 3344 2
208 3278 496 3343 volentia
539 3280 643 3343 vel
696 3302 912 3346 amore
966 3283 1183 3366 potius
1231 3246 1398 3347 effici
1450 3303 1586 3347 non
1639 3283 1862 3366 possit.
1953 3283 2122 3385 Ego,

212 3366 334 3430 etsi
379 3368 445 3429 et
487 3366 624 3449 ipse
669 3367 763 3430 ita
806 3369 1171 3435 iudicabam
1217 3374 1283 3435 et
1324 3370 1559 3434 fiebam
1605 3370 1826 3435 crebro
1874 3392 1915 3434 a
1959 3373 2119 3436 meis

209 3475 324 3537 per
363 3453 617 3517 litteras
664 3456 914 3536 certior,
958 3460 1178 3523 tamen
1223 3459 1569 3523 maximam
1612 3459 1928 3523 laetitiam
1977 3460 2119 3545 cepi
