2338 3691
271 112 402 177 394
834 112 910 166 M.
949 111 1197 168 TULLII
1234 111 1614 170 CICERONIS

271 263 482 344 erant,
536 258 865 342 coniunxi,
918 279 1099 344 nam,
1152 259 1283 324 nisi
1345 278 1467 346 ego
1528 264 1782 326 tantam
1839 263 2186 347 pecuniam

268 352 578 433 tantaque
623 345 943 432 praesidia
988 350 1055 412 et
1081 310 1226 412 ²tam
1262 349 1551 415 celeriter
1587 348 1810 417 Cassio
1848 350 2188 437 dedissem,

268 459 359 503 ne
398 460 591 502 ausus
639 436 895 520 quidem
941 440 1111 502 esset
1153 437 1247 501 ire
1291 438 1362 502 in
1404 437 1673 524 Syriam,
1716 443 1785 505 et
1825 460 2003 505 nune
2045 463 2187 506 non

269 526 523 592 minora
566 525 852 610 pericula
903 526 997 590 rei
1041 527 1338 611 publicae
1384 550 1424 592 a
1468 527 1809 594 Dolabella
1858 529 2188 594 instarent

200 628 230 676 ’1
269 638 463 700 quam
509 616 589 680 ab
636 614 945 682 Antonio.
1033 616 1250 699 Atque
1293 616 1454 681 haee
1499 617 1718 682 omnia
1760 618 1818 683 is
1858 618 2009 703 feei,
2069 619 2186 703 qui

269 705 507 770 sodalis
572 708 638 769 et
707 704 1246 770 familiarissimus
1309 704 1683 771 Dolabellae
1756 729 1959 792 eram,
2029 728 2185 772 oon-

267 794 706 859 iunotissimus
753 794 1069 880 sanguine
1109 792 1438 880 Antoniis,
1480 795 1880 880 provinciam
1907 817 2183 901 quoque

266 884 524 948 illorum
569 883 879 948 beneficio
924 883 1264 986 habebam,
1309 884 1421 948 sed
1466 881 1755 966 πατρίδα
1802 877 1972 965 ἐμὴν
2014 884 2183 965 μᾶλ-

266 973 392 1032 λον
458 971 678 1052 φιλῶν
739 973 1038 1038 omnibus
1102 975 1264 1037 meis
1327 973 1568 1038 bellum
1637 972 1884 1057 primus
1955 972 2180 1038 indixi.

264 1059 445 1124 Haeo
507 1060 627 1124 etsi
691 1060 901 1126 adhue
961 1083 1098 1127 non
1171 1082 1410 1147 magno
1475 1082 1666 1146 opere
1729 1062 1890 1127 mihi
1951 1062 2181 1128 tulisse

263 1150 548 1214 fructum
591 1149 1059 1236 animadverto,
1110 1154 1333 1216 tamen
1383 1173 1519 1216 non
1575 1149 1844 1234 despero
1897 1172 2018 1215 nee
2072 1152 2180 1216 de·

265 1238 588 1324 fetigabor
630 1260 1006 1322 permanere
1050 1261 1187 1305 non
1232 1241 1441 1306 solum
1484 1240 1556 1303 in
1592 1240 1806 1307 studio
1841 1240 2180 1324 libertatis,

265 1328 379 1391 sed
442 1328 637 1392 etiam
700 1328 769 1392 in
830 1329 1051 1394 labore
1116 1332 1183 1392 et
1243 1329 1560 1413 perieulis.
1668 1329 1767 1393 Ao
1810 1333 2058 1415 tamen,
2122 1330 2181 1395 si

266 1417 460 1481 etiam
515 1417 735 1500 aliqua
787 1417 996 1502 gloria
1046 1418 1220 1482 iusta
1274 1422 1340 1482 et
1392 1418 1622 1483 merita
1682 1419 2180 1502 provocabimur

265 1509 528 1570 senatus
593 1509 659 1570 et
722 1507 951 1590 optimi
1014 1506 1321 1589 cuiusque
1386 1507 1641 1591 officiis,
1713 1508 1955 1573 maiore
2028 1529 2177 1573 oum

266 1595 647 1660 auctoritate
692 1594 864 1679 apud
910 1599 1156 1661 eeteros
1199 1596 1436 1660 erimus
1473 1600 1540 1661 et
1575 1617 1651 1661 eo
1688 1597 1835 1680 plus
1871 1596 2176 1680 prodesse

189 1695 227 1744 8
264 1684 357 1748 rei
400 1684 694 1767 publicae
747 1685 1119 1767 poterimus
1208 1682 1446 1749 Filium
1497 1688 1707 1769 tuum,
1762 1685 1846 1749 ad
1899 1683 2177 1750 Brutum

266 1794 464 1857 quum
515 1772 691 1857 veni,
754 1773 967 1838 videre
1029 1794 1164 1838 non
1219 1773 1403 1857 potui
1456 1772 1628 1859 ideo,
1691 1774 1864 1858 quod
1921 1775 2053 1838 iam
2105 1775 2178 1839 in

264 1861 537 1926 hiberna
582 1883 726 1926 eum
783 1862 1104 1946 equitibus
1159 1865 1300 1927 erat
1350 1863 1706 1948 profectus,
1760 1863 1873 1929 sed
1926 1864 2175 1929 medius

262 1950 454 2014 fidius
499 1970 577 2014 ea
620 1971 757 2015 esse
804 1972 950 2016 eum
996 1951 1301 2035 opinione
1348 1955 1414 2016 et
1456 1955 1570 2017 tua
1625 1956 1691 2016 et
1734 1952 1937 2036 ipsius
1992 1956 2060 2017 et
2105 1953 2179 2018 in

262 2039 486 2122 primis
539 2060 684 2104 mea
737 2061 931 2105 eausa
984 2040 1263 2125 gaude03
1314 2040 1536 2105 fratris
1590 2040 1763 2106 enim
1815 2042 1959 2107 loeo
2014 2041 2177 2106 mihi

258 2131 388 2211 est,
443 2128 554 2212 qui
599 2149 677 2192 ex
729 2131 794 2191 te
850 2131 1042 2192 natus
1097 2132 1289 2213 teque
1337 2129 1572 2214 dignus
1617 2133 1731 2195 est.
1821 2129 2004 2196 Vale.
2093 2130 2175 2196 D.

261 2234 379 2295 1111.
423 2215 594 2282 Non.
638 2215 781 2282 Iun.
824 2216 1052 2303 Perga.

1141 2410 1288 2478 XV.

516 2523 631 2579 Ser.
669 2525 882 2596 Pergae
918 2524 1042 2579 1111.
1079 2525 1275 2580 Nonas
1311 2525 1501 2581 Iunias
1536 2541 1587 2581 a.
1624 2542 1680 2581 u.
1717 2542 1765 2581 ο.
1805 2532 1923 2580 111.

161 2651 186 2675 ⁰
261 2651 320 2705 P.
360 2647 748 2704 LENTULUS
795 2648 855 2703 P.
894 2648 955 2701 F.
1002 2648 1145 2704 PRO
1186 2649 1248 2715 Q.
1295 2650 1438 2705 PRO
1475 2649 1585 2704 PR.
1634 2649 1689 2705 S.
1727 2649 1792 2703 D.
1831 2648 2021 2705 COSS.
2059 2649 2172 2704 PR.

345 2720 458 2775 ΤΒ..
488 2718 596 2774 PL.
637 2718 956 2775 SENATUI
990 2718 1277 2775 POPULO
1315 2719 1675 2786 PL‘EBIQUE
1712 2719 2091 2775 ROMANAE.

196 2833 223 2881 1
397 2818 459 2886 S.
486 2843 545 2884 v.
572 2820 613 2884 l.
652 2842 710 2904 q.
749 2843 804 2884 v.
840 2843 898 2884 v.
934 2820 995 2884 b.
1032 2841 1083 2884 e.
1122 2842 1175 2885 e.
1212 2843 1272 2885 v.
1345 2818 1593 2885 Scelere
1637 2817 2016 2886 Dolabellae
2063 2841 2175 2904 op·

261 2931 483 2994 pressa
527 2909 688 2974 Asia
740 2910 813 2973 in
862 2909 1223 2994 proximam
1276 2909 1675 2992 provinciam
1728 2907 2174 2975 Macedoniam

262 2998 705 3083 praesidiaque
768 2997 862 3062 rei
888 3081 893 3086 .
923 2997 1244 3081 publicae,
1310 3019 1473 3081 quae
1527 2996 1615 3062 M.
1669 2995 1910 3061 Brutus
1919 3047 1937 3082 ,
1989 3020 2049 3062 v.
2103 3019 2174 3082 o.,

263 3087 553 3171 tenebat,
606 3109 708 3152 me
763 3086 1008 3152 contuli
1063 3089 1128 3150 et
1172 3086 1239 3151 id
1285 3086 1415 3171 egi,
1460 3088 1560 3170 ut,
1613 3107 1729 3170 per
1774 3107 1934 3169 quos
1981 3086 2174 3151 celer·
2190 3169 2198 3177 ι

405 3258 507 3327 Ep.
542 3265 623 3326 14,
654 3266 702 3314 1.
756 3261 844 3315 Ac
868 3265 1049 3315 tamen
1077 3260 1227 3330 (W..)
1302 3260 1658 3316 adtamenM.
1732 3265 2018 3315 attamenv

268 3331 315 3379 8.
375 3327 742 3396 Perya(0r..)
819 3331 1156 3401 PeryaeM.,
1187 3332 1375 3387 vulo.
1446 3331 1549 3402 Ep.
1583 3337 1665 3386 15.
1724 3330 2174 3401 PROQPO

271 3395 395 3450 PR.
442 3398 580 3466 (Ind.
618 3400 729 3466 M..)
822 3401 1048 3472 PROQ.
1100 3373 1261 3456 PRO
1319 3401 1391 3456 R.
1436 3402 1531 3469 M.,
1569 3402 1755 3471 vulgo.
1849 3408 1897 3456 1.
1961 3403 2085 3473 lma
2122 3419 2171 3457 v.

268 3421 1782 3545 (L)1vau1gobee(W)beMB
