2338 3691
0 869 34 941 ΗΞ
0 792 35 853 1!
0 758 33 777 ὅ
0 594 40 741 ὶὲὶ’,1“

0 1078 33 1207 'nu
0 952 32 1019 1!

960 823 1184 882 LIBER
1225 823 1493 882 NONUS.

429 949 565 1018 AD
620 949 709 1018 M.
760 950 1325 1019 VARRONEM
1378 952 1505 1019 ET
1560 926 2027 1023 ommes.

1199 1129 1253 1195 I.

467 1249 567 1307 Ser
620 1246 831 1306 Romae
870 1267 918 1305 a.
956 1268 1011 1306 u.
1050 1268 1096 1307 e.
1138 1257 1240 1308 708
1289 1252 1441 1322 (post
1475 1251 1601 1306 Kal.
1641 1251 1909 1307 Octobres
1920 1254 1984 1322 ?).

819 1391 1076 1449 CICERO
1112 1391 1450 1450 VARRONI
1487 1393 1636 1448 SAL.

403 1502 506 1567 Ex
549 1502 630 1567 iis
692 1502 951 1587 litteris,
1014 1524 1175 1586 quas
1220 1501 1478 1568 Atticus
1542 1525 1582 1567 a
1637 1505 1706 1566 {xe
1749 1502 1976 1567 missas
2022 1503 2192 1569 mihi

268 1591 457 1676 Isgit,
518 1591 673 1675 quid
726 1612 950 1676 ageres
1007 1596 1072 1655 et
1125 1592 1238 1657 ubi
1294 1612 1492 1676 esses,
1555 1592 1860 1677 eognovi3
1923 1593 2191 1675 quando

270 1683 488 1744 autem
532 1683 599 1744 ke
644 1679 843 1745 visuri
898 1701 1211 1765 essemus,
1262 1680 1430 1745 nihil
1474 1701 1635 1745 sane
1677 1701 1755 1745 ex
1805 1679 2036 1745 iisdem
2081 1681 2190 1746 lit-

267 1768 423 1832 teris
469 1768 655 1852 potui
700 1768 1028 1853 suspicari.
1099 1768 1182 1833 In
1226 1791 1407 1854 spem
1449 1771 1672 1833 tamen
1716 1768 1905 1834 venio
1952 1791 2189 1854 appro-

268 1858 583 1941 pinquare
627 1860 814 1923 tuum
860 1858 1233 1924 adventum:
1292 1858 1404 1943 qui
1446 1858 1608 1923 mihi
1652 1858 1905 1923 utinam
1949 1859 2189 1926 solatio

270 1946 380 2010 sit!
445 1946 567 2010 etsi
620 1948 723 2012 tot
774 1948 1108 2031 tantisque
1156 1947 1350 2013 rebus
1407 1968 1739 2033 urgemur,
1802 1947 2053 2011 nullam
2113 1952 2192 2013 ut

270 2034 724 2100 allevationem
768 2037 1108 2120 quisquam
1151 2058 1291 2102 non
1317 2035 1735 2113 stultissimus
1781 2057 2039 2120 sperare
2077 2036 2189 2102 de—

267 2123 446 2207 beab3
505 2124 617 2190 sed
668 2127 891 2189 tamen
936 2129 1050 2189 aut
1092 2128 1166 2190 bu
1212 2128 1398 2209 potes
1451 2146 1554 2192 me
1600 2127 1715 2189 aut
1759 2144 1881 2209 ego
1940 2128 2006 2189 te
2049 2124 2188 2190 for-

266 2214 439 2277 tasse
486 2212 704 2297 aliqua
746 2234 815 2277 re
861 2213 1109 2297 iuvare,
1163 2214 1327 2279 seito
1374 2214 1548 2278 enim
1592 2234 1712 2298 me,
1757 2216 2188 2297 posteaquam

266 2301 338 2365 in
381 2301 608 2366 urbem
651 2302 957 2387 venerim,
1000 2302 1242 2366 redisse
1281 2324 1427 2367 eum
1460 2302 1784 2367 veteribus
1831 2302 2072 2387 amieis,
2119 2302 2188 2367 id

268 2393 368 2454 θεὴ
411 2411 557 2454 eum
601 2390 784 2456 libris
829 2391 1089 2475 nostris,
1132 2391 1204 2455 in
1249 2391 1553 2476 gratiam3
1597 2390 1719 2455 etsi
1763 2412 1899 2456 non
1943 2391 2186 2457 ideirco

267 2500 490 2543 eorum
534 2501 724 2544 usum
769 2479 1161 2564 dimiseram,
1217 2480 1389 2563 quod
1433 2480 1514 2544 iis
1560 2500 2023 2565 suscenserem,
2069 2480 2187 2545 sed

266 2568 441 2652 quod
504 2589 726 2633 eorum
787 2590 890 2634 me
955 2568 1389 2652 suppudebat3
1450 2568 1716 2634 videbar
1776 2569 1949 2633 enim
2003 2568 2186 2653 mihi,

267 2679 465 2741 quum
511 2679 612 2721 me
657 2658 730 2721 in
782 2657 898 2721 res‘
939 2656 1531 2722 turbulentissimas
1574 2657 2034 2722 infidelissimis
2081 2678 2184 2723 so-

267 2746 381 2812 eiis
411 2746 828 2829 demisissem,
854 2746 1213 2830 praeceptis
1240 2746 1500 2810 illorum
1528 2766 1662 2810 non
1691 2745 1849 2810 satis
1872 2746 2184 2830 paruisse.

264 2834 627 2921 Ignoscunt
668 2834 856 2919 mihi,
914 2838 1224 2900 revocans
1274 2834 1345 2899 in
1391 2827 1922 2906 &nsuetudinem
1965 2834 2180 2919 pristi-

265 2945 420 2988 nam
473 2927 693 3008 teque‚
748 2923 920 3008 quod
972 2923 1045 2987 in
1098 2944 1177 2988 ea
1219 2923 1680 3008 permanseris,
1726 2923 2181 3008 sapientiorem

268 3033 462 3095 quam
506 3033 610 3077 me
657 3012 882 3077 dieuniz
916 3011 1135 3077 fuisse.
1209 3009 1657 3097 Quamobrem,
1703 3012 2009 3095 quoniam
2043 3011 2180 3095 pla-

268 3099 429 3163 catis
473 3099 555 3164 iis
599 3103 768 3187 utor,
811 3100 1033 3167 videor
1078 3121 1337 3185 sperare
1382 3100 1640 3185 debere,
1685 3100 1742 3165 si
1784 3103 1852 3165 te
1896 3098 2180 3182 viderim,

409 3322 512 3389 Ep.
565 3329 610 3377 1.
706 3324 1002 3382 CICERO
1060 3327 1123 3383 V.
1184 3329 1335 3398 (W.).
1437 3326 1735 3382 CICERO
1798 3326 1934 3397 [M]
2001 3324 2058 3380 V.
2112 3324 2173 3377 B.

273 3397 320 3444 1.
366 3393 580 3445 nullam
632 3399 696 3447 ut
749 3396 961 3452 allevat.
1014 3397 1223 3469 (Gran).
1315 3415 1373 3453 π.
1419 3399 1591 3454 adlev.
1637 3398 1712 3453 M.
1812 3402 1876 3451 ut
1922 3414 1977 3451 n.
2023 3395 2175 3452 allev.

273 3460 416 3528 (edd.
454 3464 651 3529 vetto?
723 3480 777 3518 n.
819 3472 879 3520 ut
916 3468 1010 3521 lev.
1051 3468 1160 3535 Or„
1200 3469 1262 3523 B.
