2338 3691
214 125 345 191 646
729 122 1088 181 EPISTOLA
1124 123 1187 190 Q.
1225 122 1607 179 CICERONIS

141 268 175 317 ²
347 269 446 336 Ac
481 270 757 336 multum
791 271 987 335 etiam
1022 270 1381 335 novitatem
1413 272 1596 335 tuam
1636 269 1917 352 adiuvat,
1953 268 2114 353 quod

148 336 174 376 ⁷
214 360 525 425 eiusmodi
577 360 830 425 nobiles
880 362 1095 424 tecum
1147 361 1405 443 petunt,
1470 362 1541 425 ut
1591 379 1781 424 nemo
1838 357 1952 442 sit,
2017 359 2119 441 qui

214 448 448 514 audeat
493 448 700 513 dicere
752 447 900 533 plus
952 447 1081 512 illis
1124 447 1534 513 nobilitatem
1587 469 1781 530 quam
1831 445 1960 511 tibi
2001 446 2119 511 vir·

210 540 420 601 tutem
479 535 783 621 prodesse
837 539 1149 620 oportere.
1238 534 1410 600 Nam
1471 534 1541 599 P.
1595 534 1867 600 Galbam
1933 536 2002 599 et
2052 533 2120 599 L.

213 622 507 690 Cassium
554 646 805 691 summo
850 625 994 690 loco
1031 628 1224 690 natos
1261 625 1405 707 quis
1440 626 1542 689 est
1574 624 1685 707 qui
1718 627 1939 709 petere
1977 644 2118 688 con·

214 713 494 777 sulatum
556 716 744 797 putet
804 713 1120 795 oportere?
1191 711 1369 777 vides
1435 712 1639 798 igitur
1709 711 2119 796 amplissimis

215 822 293 864 ex
336 801 600 866 familiis
636 801 951 884 homines,
996 801 1168 886 quod
1215 802 1353 866 sine
1392 802 1607 866 nervis
1654 799 1803 886 sint,
1845 800 1971 864 tibi
2014 822 2119 884 pa·

161 908 189 949 s
214 910 316 953 res
378 911 514 955 non
578 911 734 955 esse.
832 889 962 974 „At
1015 888 1297 956 Catilina
1359 893 1427 954 et
1478 888 1805 954 Antonius
1868 888 2122 953 molesti

214 976 421 1042 suntf‘
525 977 733 1043 Immo
796 978 1046 1044 homini
1108 999 1306 1062 navo,
1364 977 1712 1062 industrio,
1773 977 2122 1058 innocenti,

213 1066 471 1151 diserto,
515 1067 801 1153 gratioso
839 1067 1012 1151 apud
1049 1088 1179 1150 eos,
1218 1068 1330 1151 qui
1364 1087 1468 1131 res
1503 1066 1809 1151 iudicant,
1853 1065 2123 1149 optandi

211 1156 665 1240 competitores
711 1155 901 1221 ambo
957 1177 997 1219 a
1042 1155 1320 1239 pueritia
1372 1155 1613 1238 sicarii,
1670 1154 1861 1219 ambo
1915 1153 2122 1217 libidi-

210 1245 376 1328 nosi,
412 1244 602 1309 ambo
632 1247 914 1330 egentes,
985 1242 1234 1309 Eorum
1261 1244 1523 1308 alterius
1557 1241 1734 1309 bona
1758 1242 2122 1327 proscripta

209 1331 507 1415 vidimus,
550 1353 774 1397 vocem
818 1331 1092 1416 denique
1138 1332 1498 1397 audivimus
1550 1332 1825 1396 iurantis
1881 1351 1951 1396 se
1996 1330 2122 1395 Ro-

210 1441 353 1485 mae
397 1420 632 1486 iudicio
679 1441 884 1505 aequo
931 1442 1075 1485 cum
1112 1420 1373 1486 homine
1409 1419 1652 1486 Graeco
1698 1423 1944 1484 certare
1989 1440 2124 1483 non

210 1529 419 1592 posse,
463 1530 541 1573 ex
585 1513 816 1574 senatu
861 1510 1134 1573 eiectum
1173 1509 1409 1573 scimus
1457 1506 1743 1595 [‚optima
1778 1528 1932 1572 vero
1980 1528 2122 1571 cen·

212 1617 430 1661 sorum
475 1594 998 1684 existimatione];
1041 1597 1113 1661 in
1148 1601 1454 1681 praetura
1489 1597 1977 1681 competitorem
2012 1596 2121 1659 ha-

209 1684 466 1750 buimus
512 1686 719 1752 amico
765 1684 1027 1751 Sabidio
1073 1688 1140 1750 et
1177 1685 1523 1770 ,Panthera9
1567 1707 1764 1769 quum
1808 1685 1998 1763 αῑίοε,
2042 1685 2121 1748 ad

209 1773 500 1839 tabulam
545 1796 708 1859 quos
752 1777 1049 1860 poneret,
1092 1795 1228 1839 non
1272 1774 1568 1858 haberet,
1612 1795 1739 1858 quo
1783 1776 2010 1838 tamen
2052 1773 2122 1837 in

209 1864 596 1947 magistratu
643 1865 941 1948 amicam,
986 1884 1181 1948 quam
1226 1862 1401 1929 domi
1444 1864 1660 1948 palam
1704 1862 2002 1945 haberet,
2046 1861 2121 1926 de

209 1951 524 2014 machinis
571 1953 751 2034 emit3
804 1952 875 2015 in
927 1952 1241 2036 petitione
1287 1955 1505 2016 autem
1558 1951 1931 2017 consulatus
1978 1972 2121 2014 cau-

205 2059 412 2121 ,pones
458 2060 680 2104 omnes
717 2040 1063 2124 compilare
1101 2061 1218 2125 per
1250 2040 1711 2124 turpissimam
1722 2040 2123 2124 legationem

208 2127 440 2191 maluit
485 2148 678 2212 quam
725 2128 947 2194 adesse
993 2132 1061 2193 et
1112 2150 1243 2213 pop
1245 2129 1356 2193 ulo
1400 2128 1696 2195 Romano
1744 2128 2122 2212 supplicare.

157 2234 184 2275 ο
210 2212 398 2279 Alter
441 2237 620 2299 vero,
674 2216 739 2280 di
784 2216 965 2281 boni!
1030 2237 1158 2301 quo
1217 2217 1557 2301 splendore
1600 2215 1743 2281 est?
1812 2215 2122 2281 Primum

208 2303 548 2368 nobilitate
595 2304 835 2369 eadem.
922 2303 1100 2370 Num
1145 2307 1386 2370 maiore
1430 2305 1544 2370 re?
1624 2303 1799 2388 Non,
1843 2305 1956 2370 sed
2002 2305 2124 2368 vir·

207 2394 366 2456 tute.
457 2391 930 2468 Quamobrem?
1015 2392 1201 2469 Quod
1227 2394 1316 2473 †
1296 2395 1555 2459 inanius
1598 2393 1896 2458 umbram
1941 2414 2126 2457 suam

107 2494 113 2498 '
209 2480 465 2563 metuit,
507 2480 614 2544 hic
668 2503 752 2546 ne
805 2482 982 2567 leges
1029 2481 1314 2567 quidem,
1364 2487 1559 2547 natus
1602 2483 1674 2546 in
1726 2481 1933 2566 patris
1978 2501 2126 2567 ege·

210 2572 406 2653 state,
461 2567 769 2634 educatus
823 2570 894 2633 in
940 2571 1179 2635 sororis
1236 2572 1505 2655 stupris,
1557 2571 2014 2636 corroboratus
2058 2570 2131 2633 in

209 2657 401 2722 caede
448 2656 701 2742 civium,
745 2658 927 2724 cuius
963 2658 1210 2742 primus
1246 2658 1329 2723 ad
1364 2681 1502 2724 rem
1541 2658 1865 2741 publicam
1911 2658 2127 2724 aditus

349 2839 410 2901 2,
448 2839 497 2888 7.
570 2832 936 2889 NamPUG
984 2833 1105 2902 (Lm)
1197 2833 1445 2889 IamP.
1494 2833 1561 2887 G.
1608 2833 1798 2903 vulgo
1849 2837 2133 2901 ——putet

208 2909 450 2972 oportere
485 2903 775 2973 (Kaysern)
847 2921 933 2974 op.
971 2905 1144 2975 vulgo
1186 2921 1293 2959 om.
1330 2934 1401 2944 —
1437 2904 1619 2959 nervis
1652 2904 1767 2958 sint
1802 2903 1947 2972 (cdd.
1986 2902 2130 2959 Gru·

206 2975 352 3042 teri).
450 2992 506 3028 n.
551 2980 683 3029 swnt
725 2974 868 3043 Erf„
916 2974 1089 3031 Oxon.
1138 2975 1227 3043 Τ.
1276 2975 1337 3028 Β.
1430 2981 1479 3029 8.
1532 2974 1732 3030 scimus
1778 2973 2036 3057 Loptima
2078 2990 2129 3028 v.

208 3061 251 3099 c.
290 3044 503 3116 existq]
537 3046 623 3185 inq
639 3045 788 3113 (W..)
859 3061 904 3100 s.
945 3045 1068 3115 Opt.
1104 3061 1154 3100 v.
1182 3049 1291 3113 †c.
1329 3061 1372 3100 e.
1408 3045 1560 3100 inB.
1597 3043 2129 3115 -quum(ai011.)

207 3116 364 3181 alios,
401 3116 478 3171 ad
512 3120 550 3170 t.
588 3132 758 3185 q..,p
793 3132 909 3171 nom
943 3117 1162 3172 haberet
1198 3116 1310 3183 (W.
1312 3119 1349 3186 ).
1474 3133 1605 3172 uam
1639 3117 1766 3172 ad.
1859 3116 2133 3171 λαιῶν-εὑ

206 3184 323 3238 Erf.
396 3186 542 3253 quod
578 3185 702 3254 (Ox.
739 3185 941 3254 'mad
1081 3187 1363 3244 ,habebat
1398 3203 1430 3242 e
1469 3187 1523 3242 d.
1558 3189 1726 3255 vett„
1763 3187 1826 3240 B.
1866 3217 1937 3227 —
1982 3187 2131 3253 hab..

205 3269 312 3319 quo
351 3293 397 3306 ..
421 3257 627 3321 ‚emit‚·
661 3259 726 3311 in
762 3257 914 3326 (W).
986 3259 1037 3312 h.
1097 3258 1268 3329 Quo.
1377 3260 1517 3313 emit.
1571 3259 1653 3313 In
1687 3258 1880 3328 vulgo.
1933 3289 2005 3298 —-
2062 3257 2131 3311 le·

203 3295 776 3463 mwssnvffizbqoz-
818 3329 990 3466 5352}
1009 3328 1316 3467 ῒοξπαὲἰαε
1334 3327 2129 3467 {cdvdmvgzieitregrffiaffgnffiz

207 3453 296 3507 Or.
336 3457 443 3524 II..)
520 3462 582 3530 Q
619 3465 712 3518 ille
748 3465 883 3534 (Or)
921 3470 1021 3522 aut
1059 3469 1121 3539 Q.
1158 3469 1445 3525 Antonius
1477 3468 1670 3540 (Corn,
1706 3469 1808 3539 Β..)
