2338 3691
687 135 1208 192 EPISTULARUM
1243 135 1337 191 XI.
1375 141 1535 192 3-5.
1936 135 2068 201 349

1047 367 1163 436 IV.

146 481 265 538 Scr.
293 480 354 536 in
382 480 571 538 Gallia
598 482 854 538 citeriore
882 484 1120 539 exeunte
1146 498 1339 538 mense
1366 480 1677 538 Novembri
1703 498 1753 537 a.
1782 499 1836 536 u.
1865 498 1912 537 c.
1943 488 2064 537 710.

225 605 295 662 D.
332 605 621 662 BRUTUS
658 607 804 662 IMP.
843 605 990 664 COS.
1027 605 1261 662 DESIG.
1299 605 1354 663 S.
1390 605 1459 662 D.
1498 606 1586 662 M.
1624 604 1985 662 CICERONI.

283 703 354 773 Si
397 706 476 772 de
521 711 638 772 tua
680 707 752 772 in
795 729 898 773 me
942 709 1279 777 voluntate
1325 708 1715 792 dubitarem,
1758 706 1981 772 multis
2027 729 2067 775 a
2106 724 2135 774 1

144 798 215 861 te
260 795 473 860 verbis
517 799 823 881 peterem,
867 799 942 861 ut
978 796 1362 884 dignitatem
1394 818 1610 865 meam
1643 799 1913 880 tuerere,
1954 795 2067 861 sed

145 884 442 969 profecto
489 888 590 949 est
632 885 745 970 ita,
788 888 867 951 ut
906 885 1068 953 mihi
1111 885 1423 970 persuasi,
1464 907 1570 953 me
1612 884 1735 950 tibi
1775 905 1916 951 esse
1960 905 2067 953 cu·

144 995 279 1038 rae.
365 971 755 1060 Progressus
819 995 963 1039 sum
1025 974 1108 1038 ad
1167 973 1505 1060 Inalpinos
1568 994 1715 1041 cum
1768 973 2069 1057 exercitu,

146 1082 288 1127 non
322 1065 460 1127 tam
483 1083 727 1131 nomen
751 1062 1239 1147 imperatorium
1274 1067 1544 1148 captans
1580 1085 1775 1148 quam
1802 1062 2067 1147 cupiens

147 1150 463 1216 militibus
509 1152 880 1218 satisfacere
932 1151 1277 1237 firmosque
1332 1174 1444 1218 eos
1498 1152 1580 1216 ad
1632 1151 1907 1217 tuendas
1951 1172 2067 1217 no-

147 1243 321 1304 stras
347 1261 451 1304 res
480 1240 754 1306 efficere:
802 1240 975 1326 quod
1008 1241 1171 1307 mihi
1205 1241 1427 1306 videor
1462 1243 1869 1324 consecutus;
1912 1261 2069 1304 nam
2104 1257 2137 1307 2

148 1332 220 1393 et
271 1328 725 1395 liberalitatem
776 1332 1071 1396 nostram
1133 1333 1200 1394 et
1257 1330 1546 1395 animum
1599 1332 1753 1393 sunt
1806 1329 2069 1413 experti.

148 1414 318 1483 Cum
382 1418 671 1483 omnium
731 1418 1237 1487 bellicosissimis
1298 1418 1541 1484 bellum
1602 1417 1802 1504 gessi3
1863 1418 2069 1483 multa

150 1507 420 1571 castella
465 1507 624 1591 cepi,
667 1508 873 1572 multa
916 1508 1193 1573 vastavi:
1238 1529 1375 1573 non
1421 1507 1559 1574 sine
1606 1528 1800 1571 causa
1845 1505 1927 1570 ad
1972 1527 2068 1570 se-

146 1598 382 1660 natum
406 1595 657 1661 litteras
683 1597 847 1661 misi.
916 1595 1176 1661 Adiuva
1201 1618 1323 1662 nos
1358 1600 1475 1661 tua
1502 1595 1850 1679 sententia;
1895 1593 2068 1679 quod

149 1706 353 1786 quum
375 1684 630 1787 iacies,
684 1706 762 1750 ex
813 1705 1055 1771 magna
1110 1689 1297 1770 parte
1350 1685 1678 1751 communi
1730 1683 2065 1751 commodo

149 1793 537 1839 inserviens

1072 1950 1154 2019 V.

300 2062 413 2119 Scr.
460 2064 672 2120 Romae
714 2063 902 2124 medio
946 2081 1136 2120 mense
1181 2062 1478 2122 Decembri
1521 2081 1572 2119 a.
1615 2082 1672 2119 n.
1718 2080 1765 2118 c.
1805 2070 1924 2119 710.

371 2186 446 2241 Μ.
476 2186 735 2244 CICERO
765 2187 818 2243 S.
839 2187 905 2243 D.
925 2187 992 2243 D.
1013 2186 1260 2244 BRUTO
1288 2188 1434 2243 IMP.
1454 2186 1602 2244 COS.
1621 2185 1855 2242 DESIG.

290 2285 513 2372 Lupus
539 2288 876 2354 familiaris
903 2292 1126 2354 noster
1152 2310 1353 2373 quum
1380 2310 1419 2352 a
1443 2291 1511 2352 te
1536 2272 1821 2353 venisset
1847 2295 2139 2371 quum-1

153 2397 292 2479 que
328 2375 572 2441 Romae
619 2377 932 2479 quosdam
977 2378 1110 2443 dies
1159 2380 1682 2462 commoraretur,
1726 2396 1848 2461 ego
1895 2398 2072 2441 eram

150 2466 228 2529 in
271 2464 353 2529 iis
395 2465 583 2550 locis,
638 2465 710 2530 in
755 2465 988 2550 quibus
1032 2467 1307 2530 maxime
1361 2468 1505 2531 tuto
1559 2488 1663 2530 me
1718 2486 1857 2530 esse
1904 2466 2071 2530 arbi-

151 2552 404 2618 trabar:
468 2575 546 2619 eo
607 2554 855 2619 factum
899 2557 1024 2639 est,
1085 2557 1163 2620 ut
1214 2552 1297 2618 ad
1347 2557 1415 2618 te
1460 2553 1683 2638 Lupus
1728 2554 1866 2618 sine
1910 2554 2071 2618 meis

150 2641 390 2707 litteris
425 2642 680 2727 rediret,
716 2664 916 2726 quum
949 2646 1173 2708 tamen
1201 2646 1490 2708 curasset
1514 2646 1662 2708 tuas
1691 2642 1773 2706 ad
1799 2663 1903 2706 me
1930 2663 2071 2726 per-

151 2730 474 2795 ferendas.
563 2730 840 2796 Romam
894 2734 1113 2797 autem
1163 2731 1315 2796 veni
1372 2753 1429 2796 a.
1474 2731 1534 2795 d.
1579 2753 1638 2797 1.
1691 2730 1847 2795 Idus
1900 2729 2073 2813 Dec.,

150 2840 277 2883 nec
328 2818 529 2884 habui
584 2819 934 2904 quidquam
988 2819 1344 2904 antiquius,
1405 2841 1599 2905 quam
1662 2822 1739 2884 ut
1789 2816 2073 2883 Pansam

153 2908 380 2972 statim
424 2908 851 2992 convenirem,
895 2930 972 2972 ex
1017 2929 1146 2993 quo
1192 2930 1270 2973 ea
1315 2908 1393 2972 de
1436 2912 1503 2973 te
1549 2907 1854 2995 cognovi,
1908 2928 2071 2992 quae

152 2997 431 3060 maxime
477 3000 790 3081 optaram.
863 2995 1074 3072 Quare
1107 2997 1479 3063 hortatione
1522 3000 1599 3063 tu
1635 2996 1892 3081 quidem
1935 3017 2073 3061 non

154 3106 326 3170 eges,
373 3085 428 3150 si
471 3107 555 3149 ne
599 3086 670 3149 in
713 3086 828 3150 illa
872 3086 1133 3170 quidem
1175 3108 1272 3172 re,
1331 3108 1494 3171 quae
1550 3108 1589 3150 a
1631 3088 1698 3150 te
1742 3088 1929 3172 gesta
1974 3087 2074 3150 est

151 3176 307 3258 post
350 3173 688 3240 hominum
722 3175 1098 3240 memoriam
1132 3175 1431 3260 maxima,
1473 3175 1875 3240 hortatorem
1910 3173 2072 3239 desi-

155 3262 423 3343 derasti3
466 3264 630 3328 illud
672 3267 893 3330 tamen
935 3263 1218 3329 breviter
1263 3226 1761 3350 significandum
1799 3262 2072 3346 videtur,
2108 3278 2140 3325 2

297 3418 401 3489 Ep.
439 3424 488 3487 ὅ,
522 3427 566 3475 1.
641 3425 894 3489 optaram
931 3387 1083 3489 (W.).
1155 3420 1407 3475 ortabam
1439 3419 1515 3473 M.
1588 3418 1845 3489 optabam
1879 3418 2065 3487 vulgo.

155 3495 200 3544 2.
262 3491 428 3545 desid.
441 3510 464 3557 ;
498 3491 641 3547 illud
678 3492 829 3563 (W.).
900 3492 953 3547 d.
993 3491 1038 3545 I
1037 3491 1156 3547 llud
1192 3490 1382 3561 vulgo.
