2338 3691
762 95 1279 152 EPISTOLARUM
1307 73 1381 151 x.
1422 103 1505 151 23.
1547 102 1630 152 24.
2026 97 2155 161 325

237 241 516 325 incitati,
588 242 952 306 iracundias
1019 245 1235 307 autem
1298 242 1530 308 harum
1590 263 1805 307 rerum
1868 247 2156 308 recentes

239 331 594 395 habebant:
642 331 813 415 quod
860 330 1176 414 Lepidum
1222 332 1541 417 castigare
1586 354 1722 396 non
1769 331 2157 416 destiteram,

237 423 315 483 ut
359 420 798 504 exstingueret
840 420 1098 503 bellum,
1145 421 1318 505 quod
1354 421 1676 505 colloquia
1711 420 1887 485 facta
1921 421 2157 505 impro-

238 509 503 593 babam,
559 509 731 593 quod
775 510 1026 594 legatos
1070 508 1198 574 fide
1242 508 1470 594 Lepidi
1525 510 1755 575 missos
1811 510 1892 574 ad
1938 531 2041 578 me
2086 509 2158 574 in

241 601 661 682 conspectum
693 598 913 663 venire
950 600 1300 683 vetueram,
1337 599 1508 683 quod
1547 597 1614 664 G.
1653 597 1908 664 Catium
1945 597 2157 664 Vesti-

240 708 428 771 num,
480 687 815 751 tribunum
860 687 1019 771 mil„
1073 687 1342 752 missum
1398 688 1478 752 ab
1526 685 1818 753 Antonio
1875 688 1956 752 ad
2012 709 2158 751 eum

241 797 391 840 cum
434 775 668 840 litteris
714 797 1112 860 exceperam:
1158 777 1230 841 in
1276 797 1403 861 quo
1439 776 1609 841 hanc
1646 777 1830 862 capio
1867 777 2188 860 voluptas

239 869 407 950 tem,
457 865 632 949 quod
687 868 885 948 certe,
939 887 1066 950 quo
1113 865 1322 951 magis
1368 887 1471 930 me
1526 866 1918 951 petiverunt,
1972 868 2159 930 tanto

243 954 556 1019 maiorem
598 953 679 1019 iis
723 953 1060 1020 frustratio
1110 953 1397 1019 dolorem
1443 955 1678 1019 attulit.
1770 953 1888 1038 Tu,
1932 955 2023 1018 mi
2060 951 2158 1018 Ci-
2197 971 2230 1019 6

243 1063 411 1126 cero,
457 1043 628 1127 quod
667 1042 877 1109 adhuc
911 1042 1140 1127 fecisti,
1185 1044 1357 1108 idem
1392 1047 1669 1129 praesta,
1705 1046 1780 1108 ut
1814 1043 2161 1128 vigilanter

243 1153 642 1216 nervoseque
688 1153 828 1217 noS,
872 1132 984 1217 qui
1030 1135 1275 1196 stamus
1321 1133 1393 1197 in
1433 1132 1587 1217 acie,
1632 1133 1961 1197 subornes.
2034 1130 2159 1197 Ve-

243 1220 389 1284 niat
428 1217 664 1285 Caesar
701 1243 846 1286 cum
883 1221 1104 1306 copiis,
1149 1242 1309 1306 quas
1345 1221 1546 1286 habet
1579 1221 1996 1304 firmissimaS,
2032 1223 2162 1303 aut,

246 1309 303 1373 si
365 1308 579 1393 ipsum
641 1310 858 1394 aliqua
920 1332 1030 1375 res
1093 1310 1389 1395 impedit,
1460 1310 1773 1375 exercitus
1843 1308 2163 1391 mittatur3

247 1398 431 1462 cuius
490 1398 691 1483 ipsius
755 1420 1065 1484 magnum
1127 1399 1485 1483 periculum
1550 1399 1789 1485 agitur:
1854 1397 2161 1481 quidquid

247 1487 597 1571 aliquando
642 1487 935 1553 futurum
968 1487 1096 1552 fuit
1138 1488 1211 1551 in
1245 1489 1471 1553 castris
1507 1488 1905 1573 perditorum
1940 1489 2167 1551 contra

248 1576 555 1661 patriam,
607 1576 732 1642 hoc
788 1598 978 1642 omne
1031 1577 1163 1642 iam
1218 1578 1546 1661 convenit3
1607 1599 1725 1661 pro
1782 1576 1957 1641 urbis
2012 1595 2165 1641 vero

253 1665 459 1730 salute
497 1685 612 1730 cur
646 1687 783 1730 non
822 1665 1122 1732 omnibus
1157 1665 1595 1750 facultatibuS,
1642 1687 1801 1750 quas
1836 1665 2168 1748 habemus,

253 1753 554 1818 utamur?
628 1753 813 1830 Quod
860 1755 916 1819 si
951 1776 1067 1820 vos
1102 1754 1251 1819 istic
1285 1777 1422 1821 non
1463 1755 1812 1839 defueritis,
1856 1754 2167 1839 profectO,

252 1843 428 1927 quod
493 1843 573 1908 ad
636 1865 739 1909 me
803 1844 1065 1930 attinet,
1138 1845 1437 1910 omnibus
1498 1845 1690 1910 rebus
1756 1842 2010 1908 abunde
2073 1842 2167 1907 rei

252 1932 549 2017 publicae
596 1932 1007 1999 satisfaciam.
1080 1932 1173 1999 Te
1210 1934 1486 2018 quidem,
1519 1935 1608 1997 mi
1638 1931 1879 2019 Cicero,
1922 1933 1993 1996 in
2034 1932 2167 1996 dies
2207 1946 2236 1994 ‘1

254 2021 650 2086 mehercules
712 2022 921 2088 habeo
978 2022 1290 2087 cariorem
1354 2022 1941 2106 sollicitudinesque
1993 2042 2169 2085 meas

257 2109 542 2194 quotidie
597 2112 804 2195 magis
856 2114 974 2177 tua
1027 2112 1259 2176 merita
1312 2113 1657 2196 exacuunt,
1709 2133 1793 2176 ne
1849 2110 2002 2196 quid
2058 2113 2172 2174 aut

257 2221 336 2263 ex
398 2220 617 2265 amore
681 2204 796 2264 aut
858 2222 936 2265 ex
992 2201 1230 2266 iudicio
1294 2204 1408 2265 tuo
1463 2199 1746 2285 perdam.
1846 2198 2044 2284 Opt0,
2098 2200 2173 2262 ut

257 2288 418 2351 mihi
451 2288 645 2353 liceat
680 2288 810 2353 iam
846 2290 1173 2374 praesenti
1208 2289 1449 2373 pietate
1483 2311 1776 2354 meorum
1813 2288 2171 2353 officiorum

257 2381 373 2440 tua
417 2375 731 2441 beneficia
768 2377 890 2442 tibi
933 2377 1147 2443 facere
1184 2378 1579 2444 iucundiora.
1649 2392 1801 2441 vm.
1847 2376 2001 2442 Idus
2029 2376 2171 2442 Iun.

262 2462 604 2549 Cularone,
647 2486 725 2529 ex
767 2466 1007 2531 finibus
1054 2464 1503 2552 Allobrogum.

1092 2660 1336 2726 XXIV.

504 2772 620 2827 Scr.
658 2772 718 2829 in
755 2773 955 2828 castris
994 2774 1059 2827 V.
1097 2772 1223 2827 Kal.
1263 2772 1501 2828 Sextiles
1540 2790 1588 2827 a.
1627 2792 1681 2829 u.
1721 2791 1765 2828 c.
1808 2779 1925 2828 711.

402 2896 738 2954 PLANCUS
785 2896 929 2952 IMP.
978 2896 1124 2953 COS.
1174 2897 1405 2952 DESIG.
1455 2897 1509 2953 S.
1554 2897 1621 2952 D.
1669 2895 2024 2969 CICERONI.

394 2999 634 3064 Facere
680 3020 817 3064 non
859 3019 1144 3083 possum,
1191 3000 1348 3083 quin
1391 2999 1461 3064 in
1508 2998 1798 3085 singulas
1841 3018 1946 3074 res
1991 2998 2175 3062 meri·
2216 3009 2244 3058 1

260 3094 458 3174 taque
504 3092 620 3153 tua
671 3088 794 3153 tibi
847 3088 1090 3173 gratias
1137 3108 1357 3173 agam,
1412 3087 1524 3152 sed
1568 3086 1963 3152 mehercules
2006 3086 2175 3151 facio

263 3200 409 3243 cum
457 3177 729 3262 pudore3
782 3198 989 3260 neque
1045 3177 1218 3241 enim
1262 3179 1448 3241 tanta
1492 3175 1924 3260 necessitudo,
1978 3197 2175 3260 quan·

407 3388 511 3459 Ep.
551 3394 645 3457 23,
680 3365 732 3443 Β.
806 3386 1180 3458 improbaram
1227 3385 1530 3455 (Co1·rad.)?
1623 3392 1669 3439 6.
1726 3386 1825 3439 hoc
1870 3399 2022 3438 omne
2064 3382 2177 3433 iam

267 3460 402 3530 (M).
475 3461 580 3515 huc
615 3475 662 3515 o.
701 3461 739 3515 i.
778 3460 890 3528 Or.,
919 3460 987 3514 ·B.
