<?xml version="1.0" encoding="UTF-8"?>
<!DOCTYPE html PUBLIC "-//W3C//DTD XHTML 1.0 Transitional//EN"
    "http://www.w3.org/TR/xhtml1/DTD/xhtml1-transitional.dtd">
<html xmlns="http://www.w3.org/1999/xhtml" xml:lang="en" lang="en">
 <head>
  <title>
</title>
<meta http-equiv="Content-Type" content="text/html;charset=utf-8" />
  <meta name='ocr-system' content='tesseract 3.04.00' />
  <meta name='ocr-capabilities' content='ocr_page ocr_carea ocr_par ocr_line ocrx_word'/>
</head>
<body>
  <div class='ocr_page' id='page_1' title='image "./scriptaquaemans02wesegoog_0322.png"; bbox 0 0 2338 3691; ppageno 0'>
   <div class='ocr_carea' id='block_1_1' title="bbox 269 136 1613 206">
    <p class='ocr_par' dir='ltr' id='par_1_1' title="bbox 269 136 1613 206">
     <span class='ocr_line' id='line_1_1' title="bbox 269 136 1613 206; baseline -0.007 -2"><span class='ocrx_word' id='word_1_1' title='bbox 269 142 396 206; x_wconf 81' lang='grc'><strong>306</strong></span> <span class='ocrx_word' id='word_1_2' title='bbox 833 140 906 194; x_wconf 82' lang='grc' dir='ltr'><strong>Μ.</strong></span> <span class='ocrx_word' id='word_1_3' title='bbox 945 138 1192 194; x_wconf 83' lang='lat' dir='ltr'>TULLII</span> <span class='ocrx_word' id='word_1_4' title='bbox 1228 136 1613 194; x_wconf 84' lang='lat' dir='ltr'>CICERONIS</span> 
     </span>
    </p>
   </div>
   <div class='ocr_carea' id='block_1_2' title="bbox 172 284 2186 2035">
    <p class='ocr_par' dir='ltr' id='par_1_2' title="bbox 172 284 2186 989">
     <span class='ocr_line' id='line_1_2' title="bbox 172 284 2185 369; baseline -0.001 -18"><span class='ocrx_word' id='word_1_5' title='bbox 172 311 185 324; x_wconf 92' lang='lat'><strong>·</strong></span> <span class='ocrx_word' id='word_1_6' title='bbox 271 287 351 351; x_wconf 87' lang='lat' dir='ltr'><strong>ad</strong></span> <span class='ocrx_word' id='word_1_7' title='bbox 391 285 604 350; x_wconf 87' lang='lat' dir='ltr'><strong>officia</strong></span> <span class='ocrx_word' id='word_1_8' title='bbox 641 287 1011 367; x_wconf 72' lang='lat' dir='ltr'><strong>certantem,</strong></span> <span class='ocrx_word' id='word_1_9' title='bbox 1057 284 1377 368; x_wconf 78' lang='lat' dir='ltr'><strong>equitatus</strong></span> <span class='ocrx_word' id='word_1_10' title='bbox 1415 284 1921 369; x_wconf 80' lang='lat' dir='ltr'><strong>auxiliorumque</strong></span> <span class='ocrx_word' id='word_1_11' title='bbox 1960 286 2185 349; x_wconf 80' lang='lat' dir='ltr'><strong>tantas</strong></span> 
     </span>
     <span class='ocr_line' id='line_1_3' title="bbox 271 373 2184 458; baseline -0.002 -19"><span class='ocrx_word' id='word_1_12' title='bbox 271 374 520 458; x_wconf 80' lang='lat' dir='ltr'><strong>copiaS‚</strong></span> <span class='ocrx_word' id='word_1_13' title='bbox 575 376 850 457; x_wconf 86' lang='lat' dir='ltr'><strong>quantas</strong></span> <span class='ocrx_word' id='word_1_14' title='bbox 894 373 1017 436; x_wconf 88' lang='lat' dir='ltr'><strong>hae</strong></span> <span class='ocrx_word' id='word_1_15' title='bbox 1073 375 1299 457; x_wconf 86' lang='lat' dir='ltr'><strong>gentes</strong></span> <span class='ocrx_word' id='word_1_16' title='bbox 1347 373 1427 436; x_wconf 87' lang='lat' dir='ltr'><strong>ad</strong></span> <span class='ocrx_word' id='word_1_17' title='bbox 1474 373 1942 438; x_wconf 84' lang='lat' dir='ltr'><strong>defendendam</strong></span> <span class='ocrx_word' id='word_1_18' title='bbox 1996 395 2184 438; x_wconf 83' lang='lat' dir='ltr'><strong>suam</strong></span> 
     </span>
     <span class='ocr_line' id='line_1_4' title="bbox 273 462 2186 545; baseline -0.001 -18"><span class='ocrx_word' id='word_1_19' title='bbox 273 464 545 527; x_wconf 87' lang='lat' dir='ltr'><strong>salutem</strong></span> <span class='ocrx_word' id='word_1_20' title='bbox 607 462 1096 545; x_wconf 86' lang='lat' dir='ltr'><strong>libertatemque</strong></span> <span class='ocrx_word' id='word_1_21' title='bbox 1154 462 1465 526; x_wconf 90' lang='lat' dir='ltr'><strong>conficere</strong></span> <span class='ocrx_word' id='word_1_22' title='bbox 1525 466 1824 545; x_wconf 83' lang='lat' dir='ltr'><strong>possunt3</strong></span> <span class='ocrx_word' id='word_1_23' title='bbox 1887 462 2023 545; x_wconf 88' lang='lat' dir='ltr'><strong>ipse</strong></span> <span class='ocrx_word' id='word_1_24' title='bbox 2086 462 2186 526; x_wconf 86' lang='lat' dir='ltr'><strong>ita</strong></span> 
     </span>
     <span class='ocr_line' id='line_1_5' title="bbox 272 550 2185 635; baseline 0 -20"><span class='ocrx_word' id='word_1_25' title='bbox 272 574 414 615; x_wconf 90' lang='lat' dir='ltr'><strong>sum</strong></span> <span class='ocrx_word' id='word_1_26' title='bbox 477 550 692 615; x_wconf 89' lang='lat' dir='ltr'><strong>animo</strong></span> <span class='ocrx_word' id='word_1_27' title='bbox 759 553 1018 628; x_wconf 87' lang='lat' dir='ltr'><strong>paratus</strong></span> <span class='ocrx_word' id='word_1_28' title='bbox 1083 550 1184 614; x_wconf 87' lang='lat' dir='ltr'><strong>vel</strong></span> <span class='ocrx_word' id='word_1_29' title='bbox 1238 550 1636 635; x_wconf 86' lang='lat' dir='ltr'><strong>provinciam</strong></span> <span class='ocrx_word' id='word_1_30' title='bbox 1690 551 1857 616; x_wconf 86' lang='lat' dir='ltr'><strong>tueri</strong></span> <span class='ocrx_word' id='word_1_31' title='bbox 1909 550 2011 615; x_wconf 82' lang='lat' dir='ltr'><strong>vel</strong></span> <span class='ocrx_word' id='word_1_32' title='bbox 2069 551 2185 634; x_wconf 86' lang='lat' dir='ltr'><strong>ire,</strong></span> 
     </span>
     <span class='ocr_line' id='line_1_6' title="bbox 272 638 2184 723; baseline -0.001 -20"><span class='ocrx_word' id='word_1_33' title='bbox 272 662 397 723; x_wconf 92' lang='lat' dir='ltr'><strong>quo</strong></span> <span class='ocrx_word' id='word_1_34' title='bbox 434 661 536 703; x_wconf 87' lang='lat' dir='ltr'><strong>res</strong></span> <span class='ocrx_word' id='word_1_35' title='bbox 573 638 831 723; x_wconf 92' lang='lat' dir='ltr'><strong>publica</strong></span> <span class='ocrx_word' id='word_1_36' title='bbox 868 642 1070 722; x_wconf 83' lang='lat' dir='ltr'><strong>vocet,</strong></span> <span class='ocrx_word' id='word_1_37' title='bbox 1114 640 1217 703; x_wconf 85' lang='lat' dir='ltr'><strong>vel</strong></span> <span class='ocrx_word' id='word_1_38' title='bbox 1253 639 1504 704; x_wconf 84' lang='lat' dir='ltr'><strong>tradere</strong></span> <span class='ocrx_word' id='word_1_39' title='bbox 1542 640 1906 723; x_wconf 87' lang='lat' dir='ltr'><strong>exercitum,</strong></span> <span class='ocrx_word' id='word_1_40' title='bbox 1943 638 2184 704; x_wconf 87' lang='lat' dir='ltr'><strong>auxilia</strong></span> 
     </span>
     <span class='ocr_line' id='line_1_7' title="bbox 270 728 2182 813; baseline 0.001 -22"><span class='ocrx_word' id='word_1_41' title='bbox 270 728 809 812; x_wconf 83' lang='lat' dir='ltr'><strong>provinciamque,</strong></span> <span class='ocrx_word' id='word_1_42' title='bbox 853 730 927 792; x_wconf 88' lang='lat' dir='ltr'><strong>ut</strong></span> <span class='ocrx_word' id='word_1_43' title='bbox 971 728 1072 791; x_wconf 86' lang='lat' dir='ltr'><strong>vel</strong></span> <span class='ocrx_word' id='word_1_44' title='bbox 1119 749 1375 793; x_wconf 91' lang='lat' dir='ltr'><strong>omnem</strong></span> <span class='ocrx_word' id='word_1_45' title='bbox 1420 729 1729 813; x_wconf 88' lang='lat' dir='ltr'><strong>impetum</strong></span> <span class='ocrx_word' id='word_1_46' title='bbox 1765 728 1919 793; x_wconf 91' lang='lat' dir='ltr'><strong>belli</strong></span> <span class='ocrx_word' id='word_1_47' title='bbox 1963 729 2032 791; x_wconf 93' lang='lat' dir='ltr'><strong>in</strong></span> <span class='ocrx_word' id='word_1_48' title='bbox 2077 749 2182 792; x_wconf 89' lang='lat' dir='ltr'><strong>me</strong></span> 
     </span>
     <span class='ocr_line' id='line_1_8' title="bbox 273 817 2183 900; baseline -0.001 -19"><span class='ocrx_word' id='word_1_49' title='bbox 273 820 643 882; x_wconf 87' lang='lat' dir='ltr'><strong>convertere</strong></span> <span class='ocrx_word' id='word_1_50' title='bbox 698 838 834 881; x_wconf 94' lang='lat' dir='ltr'><strong>non</strong></span> <span class='ocrx_word' id='word_1_51' title='bbox 891 837 1207 900; x_wconf 84' lang='lat' dir='ltr'><strong>recusem,</strong></span> <span class='ocrx_word' id='word_1_52' title='bbox 1271 818 1325 881; x_wconf 94' lang='lat' dir='ltr'><strong>si</strong></span> <span class='ocrx_word' id='word_1_53' title='bbox 1388 817 1579 882; x_wconf 87' lang='lat' dir='ltr'><strong>modo</strong></span> <span class='ocrx_word' id='word_1_54' title='bbox 1644 838 1787 881; x_wconf 92' lang='lat' dir='ltr'><strong>meo</strong></span> <span class='ocrx_word' id='word_1_55' title='bbox 1853 838 2004 882; x_wconf 88' lang='lat' dir='ltr'><strong>casu</strong></span> <span class='ocrx_word' id='word_1_56' title='bbox 2067 821 2183 881; x_wconf 86' lang='lat' dir='ltr'><strong>aut</strong></span> 
     </span>
     <span class='ocr_line' id='line_1_9' title="bbox 273 904 2182 989; baseline -0.001 -19"><span class='ocrx_word' id='word_1_57' title='bbox 273 905 651 971; x_wconf 90' lang='lat' dir='ltr'><strong>confirmare</strong></span> <span class='ocrx_word' id='word_1_58' title='bbox 715 904 960 988; x_wconf 88' lang='lat' dir='ltr'><strong>patriae</strong></span> <span class='ocrx_word' id='word_1_59' title='bbox 1027 906 1299 969; x_wconf 89' lang='lat' dir='ltr'><strong>salutem</strong></span> <span class='ocrx_word' id='word_1_60' title='bbox 1364 909 1476 970; x_wconf 87' lang='lat' dir='ltr'><strong>aut</strong></span> <span class='ocrx_word' id='word_1_61' title='bbox 1530 906 1882 989; x_wconf 88' lang='lat' dir='ltr'><strong>periculum</strong></span> <span class='ocrx_word' id='word_1_62' title='bbox 1934 906 2182 989; x_wconf 86' lang='lat' dir='ltr'><strong>possim</strong></span> 
     </span>
    </p>

    <p class='ocr_par' dir='ltr' id='par_1_3' title="bbox 218 994 2182 2035">
     <span class='ocr_line' id='line_1_10' title="bbox 218 994 2182 1077; baseline -0.001 -19"><span class='ocrx_word' id='word_1_63' title='bbox 218 1011 245 1058; x_wconf 77' lang='grc'><strong>7</strong></span> <span class='ocrx_word' id='word_1_64' title='bbox 271 994 525 1059; x_wconf 88' lang='lat' dir='ltr'><strong>morari.</strong></span> <span class='ocrx_word' id='word_1_65' title='bbox 596 998 769 1058; x_wconf 90' lang='lat' dir='ltr'><strong>Haec</strong></span> <span class='ocrx_word' id='word_1_66' title='bbox 815 994 869 1058; x_wconf 91' lang='lat' dir='ltr'><strong>si</strong></span> <span class='ocrx_word' id='word_1_67' title='bbox 913 994 1044 1057; x_wconf 91' lang='lat' dir='ltr'><strong>iam</strong></span> <span class='ocrx_word' id='word_1_68' title='bbox 1090 994 1400 1077; x_wconf 85' lang='lat' dir='ltr'><strong>expeditis</strong></span> <span class='ocrx_word' id='word_1_69' title='bbox 1440 994 1736 1059; x_wconf 89' lang='lat' dir='ltr'><strong>omnibus</strong></span> <span class='ocrx_word' id='word_1_70' title='bbox 1776 995 1967 1059; x_wconf 89' lang='lat' dir='ltr'><strong>rebus</strong></span> <span class='ocrx_word' id='word_1_71' title='bbox 2003 998 2182 1058; x_wconf 88' lang='lat' dir='ltr'><strong>tran-</strong></span> 
     </span>
     <span class='ocr_line' id='line_1_11' title="bbox 272 1082 2180 1167; baseline 0 -20"><span class='ocrx_word' id='word_1_72' title='bbox 272 1083 598 1167; x_wconf 90' lang='lat' dir='ltr'><strong>quilloque</strong></span> <span class='ocrx_word' id='word_1_73' title='bbox 645 1085 817 1146; x_wconf 87' lang='lat' dir='ltr'><strong>statu</strong></span> <span class='ocrx_word' id='word_1_74' title='bbox 874 1082 1150 1147; x_wconf 85' lang='lat' dir='ltr'><strong>civitatis</strong></span> <span class='ocrx_word' id='word_1_75' title='bbox 1197 1083 1531 1167; x_wconf 88' lang='lat' dir='ltr'><strong>polliceor,</strong></span> <span class='ocrx_word' id='word_1_76' title='bbox 1584 1084 1654 1147; x_wconf 94' lang='lat' dir='ltr'><strong>in</strong></span> <span class='ocrx_word' id='word_1_77' title='bbox 1709 1083 1943 1148; x_wconf 87' lang='lat' dir='ltr'><strong>damno</strong></span> <span class='ocrx_word' id='word_1_78' title='bbox 1999 1102 2180 1147; x_wconf 88' lang='lat' dir='ltr'><strong>meae</strong></span> 
     </span>
     <span class='ocr_line' id='line_1_12' title="bbox 270 1171 2179 1255; baseline 0.001 -20"><span class='ocrx_word' id='word_1_79' title='bbox 270 1172 478 1236; x_wconf 87' lang='lat' dir='ltr'><strong>laudis</strong></span> <span class='ocrx_word' id='word_1_80' title='bbox 524 1172 615 1235; x_wconf 89' lang='lat' dir='ltr'><strong>rei</strong></span> <span class='ocrx_word' id='word_1_81' title='bbox 660 1171 954 1255; x_wconf 88' lang='lat' dir='ltr'><strong>publicae</strong></span> <span class='ocrx_word' id='word_1_82' title='bbox 991 1172 1326 1236; x_wconf 90' lang='lat' dir='ltr'><strong>commodo</strong></span> <span class='ocrx_word' id='word_1_83' title='bbox 1364 1171 1681 1254; x_wconf 84' lang='lat' dir='ltr'><strong>laetabor3</strong></span> <span class='ocrx_word' id='word_1_84' title='bbox 1727 1172 1828 1235; x_wconf 91' lang='lat' dir='ltr'><strong>sin</strong></span> <span class='ocrx_word' id='word_1_85' title='bbox 1864 1172 1946 1236; x_wconf 88' lang='lat' dir='ltr'><strong>ad</strong></span> <span class='ocrx_word' id='word_1_86' title='bbox 1983 1172 2179 1236; x_wconf 90' lang='lat' dir='ltr'><strong>socie·</strong></span> 
     </span>
     <span class='ocr_line' id='line_1_13' title="bbox 270 1260 2181 1345; baseline 0 -21"><span class='ocrx_word' id='word_1_87' title='bbox 270 1264 473 1324; x_wconf 88' lang='lat' dir='ltr'><strong>tatem</strong></span> <span class='ocrx_word' id='word_1_88' title='bbox 530 1260 1092 1345; x_wconf 87' lang='lat' dir='ltr'><strong>integerrimorum</strong></span> <span class='ocrx_word' id='word_1_89' title='bbox 1147 1264 1212 1323; x_wconf 89' lang='lat' dir='ltr'><strong>et</strong></span> <span class='ocrx_word' id='word_1_90' title='bbox 1264 1261 1689 1326; x_wconf 87' lang='lat' dir='ltr'><strong>maximorum</strong></span> <span class='ocrx_word' id='word_1_91' title='bbox 1751 1261 2181 1344; x_wconf 83' lang='lat' dir='ltr'><strong>periculorum</strong></span> 
     </span>
     <span class='ocr_line' id='line_1_14' title="bbox 272 1349 2178 1431; baseline -0.001 -18"><span class='ocrx_word' id='word_1_92' title='bbox 272 1349 588 1427; x_wconf 89' lang='lat' dir='ltr'><strong>accedam,</strong></span> <span class='ocrx_word' id='word_1_93' title='bbox 636 1349 905 1413; x_wconf 91' lang='lat' dir='ltr'><strong>consilia</strong></span> <span class='ocrx_word' id='word_1_94' title='bbox 949 1370 1093 1412; x_wconf 89' lang='lat' dir='ltr'><strong>mea</strong></span> <span class='ocrx_word' id='word_1_95' title='bbox 1137 1349 1357 1431; x_wconf 86' lang='lat' dir='ltr'><strong>aequis</strong></span> <span class='ocrx_word' id='word_1_96' title='bbox 1392 1349 1707 1413; x_wconf 88' lang='lat' dir='ltr'><strong>iudicibus</strong></span> <span class='ocrx_word' id='word_1_97' title='bbox 1745 1350 1825 1413; x_wconf 88' lang='lat' dir='ltr'><strong>ab</strong></span> <span class='ocrx_word' id='word_1_98' title='bbox 1864 1350 2178 1414; x_wconf 83' lang='lat' dir='ltr'><strong>obtrecta-</strong></span> 
     </span>
     <span class='ocr_line' id='line_1_15' title="bbox 271 1437 2178 1522; baseline -0.001 -20"><span class='ocrx_word' id='word_1_99' title='bbox 271 1439 448 1504; x_wconf 90' lang='lat' dir='ltr'><strong>tione</strong></span> <span class='ocrx_word' id='word_1_100' title='bbox 493 1438 857 1503; x_wconf 85' lang='lat' dir='ltr'><strong>invidorum</strong></span> <span class='ocrx_word' id='word_1_101' title='bbox 903 1437 1305 1501; x_wconf 88' lang='lat' dir='ltr'><strong>defendenda</strong></span> <span class='ocrx_word' id='word_1_102' title='bbox 1350 1438 1744 1503; x_wconf 90' lang='lat' dir='ltr'><strong>commendo.</strong></span> <span class='ocrx_word' id='word_1_103' title='bbox 1834 1437 1998 1503; x_wconf 90' lang='lat' dir='ltr'><strong>Mihi</strong></span> <span class='ocrx_word' id='word_1_104' title='bbox 2043 1438 2178 1522; x_wconf 90' lang='lat' dir='ltr'><strong>qui-</strong></span> 
     </span>
     <span class='ocr_line' id='line_1_16' title="bbox 273 1526 2178 1611; baseline -0.001 -20"><span class='ocrx_word' id='word_1_105' title='bbox 273 1527 418 1591; x_wconf 90' lang='lat' dir='ltr'><strong>dem</strong></span> <span class='ocrx_word' id='word_1_106' title='bbox 461 1527 586 1610; x_wconf 92' lang='lat' dir='ltr'><strong>ipsi</strong></span> <span class='ocrx_word' id='word_1_107' title='bbox 630 1526 878 1591; x_wconf 88' lang='lat' dir='ltr'><strong>fructus</strong></span> <span class='ocrx_word' id='word_1_108' title='bbox 913 1526 1287 1591; x_wconf 89' lang='lat' dir='ltr'><strong>meritorum</strong></span> <span class='ocrx_word' id='word_1_109' title='bbox 1323 1548 1610 1591; x_wconf 89' lang='lat' dir='ltr'><strong>meorum</strong></span> <span class='ocrx_word' id='word_1_110' title='bbox 1647 1527 1716 1590; x_wconf 94' lang='lat' dir='ltr'><strong>in</strong></span> <span class='ocrx_word' id='word_1_111' title='bbox 1755 1528 1848 1592; x_wconf 90' lang='lat' dir='ltr'><strong>rei</strong></span> <span class='ocrx_word' id='word_1_112' title='bbox 1883 1527 2178 1611; x_wconf 87' lang='lat' dir='ltr'><strong>publicae</strong></span> 
     </span>
     <span class='ocr_line' id='line_1_17' title="bbox 271 1615 2176 1700; baseline 0.001 -21"><span class='ocrx_word' id='word_1_113' title='bbox 271 1615 712 1680; x_wconf 83' lang='lat' dir='ltr'><strong>incolumitate</strong></span> <span class='ocrx_word' id='word_1_114' title='bbox 777 1615 932 1678; x_wconf 89' lang='lat' dir='ltr'><strong>satis</strong></span> <span class='ocrx_word' id='word_1_115' title='bbox 997 1634 1271 1699; x_wconf 84' lang='lat' dir='ltr'><strong>magnus</strong></span> <span class='ocrx_word' id='word_1_116' title='bbox 1338 1618 1435 1680; x_wconf 89' lang='lat' dir='ltr'><strong>est</strong></span> <span class='ocrx_word' id='word_1_117' title='bbox 1488 1619 1779 1700; x_wconf 87' lang='lat' dir='ltr'><strong>paratus;</strong></span> <span class='ocrx_word' id='word_1_118' title='bbox 1843 1637 1952 1680; x_wconf 91' lang='lat' dir='ltr'><strong>eos</strong></span> <span class='ocrx_word' id='word_1_119' title='bbox 2007 1638 2176 1700; x_wconf 81' lang='lat' dir='ltr'><strong>vem,</strong></span> 
     </span>
     <span class='ocr_line' id='line_1_18' title="bbox 273 1704 2176 1790; baseline 0 -22"><span class='ocrx_word' id='word_1_120' title='bbox 273 1704 383 1787; x_wconf 92' lang='lat' dir='ltr'><strong>qui</strong></span> <span class='ocrx_word' id='word_1_121' title='bbox 445 1725 654 1767; x_wconf 90' lang='lat' dir='ltr'><strong>meam</strong></span> <span class='ocrx_word' id='word_1_122' title='bbox 714 1704 1162 1768; x_wconf 90' lang='lat' dir='ltr'><strong>auctoritatem</strong></span> <span class='ocrx_word' id='word_1_123' title='bbox 1225 1706 1291 1767; x_wconf 90' lang='lat' dir='ltr'><strong>et</strong></span> <span class='ocrx_word' id='word_1_124' title='bbox 1362 1705 1564 1769; x_wconf 89' lang='lat' dir='ltr'><strong>multo</strong></span> <span class='ocrx_word' id='word_1_125' title='bbox 1630 1705 1836 1790; x_wconf 85' lang='lat' dir='ltr'><strong>magis</strong></span> <span class='ocrx_word' id='word_1_126' title='bbox 1900 1709 2176 1769; x_wconf 85' lang='lat' dir='ltr'><strong>vestram</strong></span> 
     </span>
     <span class='ocr_line' id='line_1_19' title="bbox 270 1791 2175 1877; baseline 0.001 -20"><span class='ocrx_word' id='word_1_127' title='bbox 270 1792 463 1857; x_wconf 90' lang='lat' dir='ltr'><strong>fidem</strong></span> <span class='ocrx_word' id='word_1_128' title='bbox 509 1792 709 1856; x_wconf 89' lang='lat' dir='ltr'><strong>secuti</strong></span> <span class='ocrx_word' id='word_1_129' title='bbox 753 1813 872 1856; x_wconf 91' lang='lat' dir='ltr'><strong>nec</strong></span> <span class='ocrx_word' id='word_1_130' title='bbox 915 1793 1049 1856; x_wconf 90' lang='lat' dir='ltr'><strong>ulla</strong></span> <span class='ocrx_word' id='word_1_131' title='bbox 1095 1813 1207 1876; x_wconf 92' lang='lat' dir='ltr'><strong>spe</strong></span> <span class='ocrx_word' id='word_1_132' title='bbox 1254 1791 1460 1877; x_wconf 88' lang='lat' dir='ltr'><strong>decipi</strong></span> <span class='ocrx_word' id='word_1_133' title='bbox 1505 1814 1623 1858; x_wconf 88' lang='lat' dir='ltr'><strong>nec</strong></span> <span class='ocrx_word' id='word_1_134' title='bbox 1659 1795 1791 1859; x_wconf 91' lang='lat' dir='ltr'><strong>ullo</strong></span> <span class='ocrx_word' id='word_1_135' title='bbox 1833 1798 2008 1859; x_wconf 87' lang='lat' dir='ltr'><strong>metu</strong></span> <span class='ocrx_word' id='word_1_136' title='bbox 2052 1798 2175 1859; x_wconf 86' lang='lat' dir='ltr'><strong>ter-</strong></span> 
     </span>
     <span class='ocr_line' id='line_1_20' title="bbox 272 1881 2175 1969; baseline 0.002 -24"><span class='ocrx_word' id='word_1_137' title='bbox 272 1883 397 1945; x_wconf 91' lang='lat' dir='ltr'><strong>reri</strong></span> <span class='ocrx_word' id='word_1_138' title='bbox 444 1884 809 1964; x_wconf 87' lang='lat' dir='ltr'><strong>potuerunt,</strong></span> <span class='ocrx_word' id='word_1_139' title='bbox 853 1884 929 1960; x_wconf 85' lang='lat' dir='ltr'><strong>ut</strong></span> <span class='ocrx_word' id='word_1_140' title='bbox 973 1881 1455 1947; x_wconf 86' lang='lat' dir='ltr'><strong>commendatos</strong></span> <span class='ocrx_word' id='word_1_141' title='bbox 1494 1883 1677 1949; x_wconf 80' lang='lat' dir='ltr'><strong>vobis</strong></span> <span class='ocrx_word' id='word_1_142' title='bbox 1714 1883 2025 1969; x_wconf 83' lang='lat' dir='ltr'><strong>habeatiS‚</strong></span> <span class='ocrx_word' id='word_1_143' title='bbox 2068 1906 2175 1968; x_wconf 89' lang='lat' dir='ltr'><strong>pe·</strong></span> 
     </span>
     <span class='ocr_line' id='line_1_21' title="bbox 271 1970 848 2035; baseline 0.002 -1"><span class='ocrx_word' id='word_1_144' title='bbox 271 1970 537 2034; x_wconf 88' lang='lat' dir='ltr'><strong>tendum</strong></span> <span class='ocrx_word' id='word_1_145' title='bbox 582 1970 848 2035; x_wconf 87' lang='lat' dir='ltr'><strong>videtur.</strong></span> 
     </span>
    </p>
   </div>
   <div class='ocr_carea' id='block_1_3' title="bbox 1161 2162 1279 2230">
    <p class='ocr_par' dir='ltr' id='par_1_4' title="bbox 1161 2162 1279 2230">
     <span class='ocr_line' id='line_1_22' title="bbox 1161 2162 1279 2230; baseline 0.008 -1"><span class='ocrx_word' id='word_1_146' title='bbox 1161 2162 1279 2230; x_wconf 89' lang='lat' dir='ltr'><strong>IX.</strong></span> 
     </span>
    </p>
   </div>
   <div class='ocr_carea' id='block_1_4' title="bbox 274 2277 2173 2350">
    <p class='ocr_par' dir='ltr' id='par_1_5' title="bbox 274 2277 2173 2350">
     <span class='ocr_line' id='line_1_23' title="bbox 274 2277 2173 2350; baseline 0.003 -19"><span class='ocrx_word' id='word_1_147' title='bbox 274 2278 385 2331; x_wconf 89' lang='lat' dir='ltr'><strong>Scr.</strong></span> <span class='ocrx_word' id='word_1_148' title='bbox 425 2277 484 2331; x_wconf 89' lang='lat' dir='ltr'><strong>in</strong></span> <span class='ocrx_word' id='word_1_149' title='bbox 522 2277 706 2332; x_wconf 84' lang='lat' dir='ltr'><strong>Gallia</strong></span> <span class='ocrx_word' id='word_1_150' title='bbox 742 2278 1096 2332; x_wconf 84' lang='lat' dir='ltr'><strong>Narbonensi</strong></span> <span class='ocrx_word' id='word_1_151' title='bbox 1125 2280 1577 2334; x_wconf 79' lang='lat' dir='ltr'><strong>exeuntemense</strong></span> <span class='ocrx_word' id='word_1_152' title='bbox 1606 2278 1786 2350; x_wconf 86' lang='lat' dir='ltr'><strong>Aprili</strong></span> <span class='ocrx_word' id='word_1_153' title='bbox 1816 2297 1865 2334; x_wconf 86' lang='lat' dir='ltr'><strong>a.</strong></span> <span class='ocrx_word' id='word_1_154' title='bbox 1895 2298 1949 2336; x_wconf 81' lang='lat' dir='ltr'><strong>u.</strong></span> <span class='ocrx_word' id='word_1_155' title='bbox 1976 2298 2025 2336; x_wconf 86' lang='lat' dir='ltr'><strong>c.</strong></span> <span class='ocrx_word' id='word_1_156' title='bbox 2056 2287 2173 2336; x_wconf 75' lang='lat'><strong>¹111.</strong></span> 
     </span>
    </p>
   </div>
   <div class='ocr_carea' id='block_1_5' title="bbox 773 2401 1667 2459">
    <p class='ocr_par' dir='ltr' id='par_1_6' title="bbox 773 2401 1667 2459">
     <span class='ocr_line' id='line_1_24' title="bbox 773 2401 1667 2459; baseline 0.001 -2"><span class='ocrx_word' id='word_1_157' title='bbox 773 2401 1103 2458; x_wconf 84' lang='lat' dir='ltr'>PLANCUS</span> <span class='ocrx_word' id='word_1_158' title='bbox 1141 2402 1481 2458; x_wconf 84' lang='lat' dir='ltr'>CICERONI</span> <span class='ocrx_word' id='word_1_159' title='bbox 1518 2403 1667 2459; x_wconf 89' lang='lat' dir='ltr'>SAL.</span> 
     </span>
    </p>
   </div>
   <div class='ocr_carea' id='block_1_6' title="bbox 201 2497 2175 3214">
    <p class='ocr_par' dir='ltr' id='par_1_7' title="bbox 219 2497 2175 2947">
     <span class='ocr_line' id='line_1_25' title="bbox 219 2497 2174 2572; baseline 0.003 -6"><span class='ocrx_word' id='word_1_160' title='bbox 219 2497 246 2541; x_wconf 76' lang='lat'><strong>1</strong></span> <span class='ocrx_word' id='word_1_161' title='bbox 403 2501 583 2567; x_wconf 91' lang='lat' dir='ltr'><strong>Nihil</strong></span> <span class='ocrx_word' id='word_1_162' title='bbox 622 2525 722 2567; x_wconf 92' lang='lat' dir='ltr'><strong>me</strong></span> <span class='ocrx_word' id='word_1_163' title='bbox 758 2503 878 2567; x_wconf 90' lang='lat' dir='ltr'><strong>tibi</strong></span> <span class='ocrx_word' id='word_1_164' title='bbox 912 2507 1150 2567; x_wconf 89' lang='lat' dir='ltr'><strong>temere</strong></span> <span class='ocrx_word' id='word_1_165' title='bbox 1188 2507 1303 2569; x_wconf 91' lang='lat' dir='ltr'><strong>aut</strong></span> <span class='ocrx_word' id='word_1_166' title='bbox 1336 2508 1401 2569; x_wconf 89' lang='lat' dir='ltr'><strong>te</strong></span> <span class='ocrx_word' id='word_1_167' title='bbox 1438 2505 1664 2570; x_wconf 89' lang='lat' dir='ltr'><strong>ceteris</strong></span> <span class='ocrx_word' id='word_1_168' title='bbox 1701 2506 1773 2571; x_wconf 76' lang='lat' dir='ltr'><strong>de</strong></span> <span class='ocrx_word' id='word_1_169' title='bbox 1807 2526 1910 2571; x_wconf 88' lang='lat' dir='ltr'><strong>me</strong></span> <span class='ocrx_word' id='word_1_170' title='bbox 1935 2506 2174 2572; x_wconf 86' lang='lat' dir='ltr'><strong>frustra</strong></span> 
     </span>
     <span class='ocr_line' id='line_1_26' title="bbox 270 2592 2175 2676; baseline 0.004 -21"><span class='ocrx_word' id='word_1_171' title='bbox 270 2592 583 2676; x_wconf 75' lang='lat' dir='ltr'><strong>recepisse</strong></span> <span class='ocrx_word' id='word_1_172' title='bbox 619 2593 849 2657; x_wconf 87' lang='lat' dir='ltr'><strong>laetor:</strong></span> <span class='ocrx_word' id='word_1_173' title='bbox 892 2595 1060 2656; x_wconf 89' lang='lat' dir='ltr'><strong>certe</strong></span> <span class='ocrx_word' id='word_1_174' title='bbox 1095 2592 1221 2657; x_wconf 87' lang='lat' dir='ltr'><strong>hoc</strong></span> <span class='ocrx_word' id='word_1_175' title='bbox 1257 2594 1463 2659; x_wconf 90' lang='lat' dir='ltr'><strong>maius</strong></span> <span class='ocrx_word' id='word_1_176' title='bbox 1498 2594 1699 2662; x_wconf 84' lang='lat' dir='ltr'><strong>habes</strong></span> <span class='ocrx_word' id='word_1_177' title='bbox 1735 2596 2175 2662; x_wconf 88' lang='lat' dir='ltr'><strong>testimonium</strong></span> 
     </span>
     <span class='ocr_line' id='line_1_27' title="bbox 271 2681 2175 2766; baseline 0.003 -21"><span class='ocrx_word' id='word_1_178' title='bbox 271 2681 508 2747; x_wconf 86' lang='lat' dir='ltr'><strong>amoris</strong></span> <span class='ocrx_word' id='word_1_179' title='bbox 552 2681 696 2763; x_wconf 89' lang='lat' dir='ltr'><strong>mei,</strong></span> <span class='ocrx_word' id='word_1_180' title='bbox 741 2703 866 2765; x_wconf 89' lang='lat' dir='ltr'><strong>quo</strong></span> <span class='ocrx_word' id='word_1_181' title='bbox 903 2681 1218 2746; x_wconf 87' lang='lat' dir='ltr'><strong>maturius</strong></span> <span class='ocrx_word' id='word_1_182' title='bbox 1253 2682 1373 2746; x_wconf 91' lang='lat' dir='ltr'><strong>tibi</strong></span> <span class='ocrx_word' id='word_1_183' title='bbox 1410 2704 1599 2766; x_wconf 86' lang='lat' dir='ltr'><strong>quam</strong></span> <span class='ocrx_word' id='word_1_184' title='bbox 1638 2684 1864 2749; x_wconf 89' lang='lat' dir='ltr'><strong>ceteris</strong></span> <span class='ocrx_word' id='word_1_185' title='bbox 1909 2686 2175 2751; x_wconf 83' lang='lat' dir='ltr'><strong>consilia</strong></span> 
     </span>
     <span class='ocr_line' id='line_1_28' title="bbox 270 2769 2172 2840; baseline 0.003 -6"><span class='ocrx_word' id='word_1_186' title='bbox 270 2792 415 2834; x_wconf 90' lang='lat' dir='ltr'><strong>mea</strong></span> <span class='ocrx_word' id='word_1_187' title='bbox 458 2769 633 2835; x_wconf 85' lang='lat' dir='ltr'><strong>volui</strong></span> <span class='ocrx_word' id='word_1_188' title='bbox 679 2791 816 2834; x_wconf 89' lang='lat' dir='ltr'><strong>esse</strong></span> <span class='ocrx_word' id='word_1_189' title='bbox 860 2773 1035 2835; x_wconf 88' lang='lat' dir='ltr'><strong>nota.</strong></span> <span class='ocrx_word' id='word_1_190' title='bbox 1107 2769 1187 2833; x_wconf 95' lang='lat' dir='ltr'><strong>In</strong></span> <span class='ocrx_word' id='word_1_191' title='bbox 1229 2770 1363 2834; x_wconf 87' lang='lat' dir='ltr'><strong>dies</strong></span> <span class='ocrx_word' id='word_1_192' title='bbox 1409 2793 1559 2836; x_wconf 85' lang='lat' dir='ltr'><strong>vero</strong></span> <span class='ocrx_word' id='word_1_193' title='bbox 1596 2772 1970 2838; x_wconf 88' lang='lat' dir='ltr'><strong>meritorum</strong></span> <span class='ocrx_word' id='word_1_194' title='bbox 2006 2796 2172 2840; x_wconf 89' lang='lat' dir='ltr'><strong>meo-</strong></span> 
     </span>
     <span class='ocr_line' id='line_1_29' title="bbox 271 2857 2175 2947; baseline 0.004 -26"><span class='ocrx_word' id='word_1_195' title='bbox 271 2881 415 2923; x_wconf 90' lang='lat' dir='ltr'><strong>rum</strong></span> <span class='ocrx_word' id='word_1_196' title='bbox 450 2857 587 2922; x_wconf 91' lang='lat' dir='ltr'><strong>fieri</strong></span> <span class='ocrx_word' id='word_1_197' title='bbox 624 2858 1020 2924; x_wconf 90' lang='lat' dir='ltr'><strong>accessiones</strong></span> <span class='ocrx_word' id='word_1_198' title='bbox 1057 2859 1386 2942; x_wconf 86' lang='lat' dir='ltr'><strong>pervidere</strong></span> <span class='ocrx_word' id='word_1_199' title='bbox 1423 2864 1488 2924; x_wconf 87' lang='lat' dir='ltr'><strong>te</strong></span> <span class='ocrx_word' id='word_1_200' title='bbox 1525 2882 1730 2945; x_wconf 84' lang='lat' dir='ltr'><strong>sper0,</strong></span> <span class='ocrx_word' id='word_1_201' title='bbox 1768 2863 2175 2947; x_wconf 85' lang='lat' dir='ltr'><strong>cogniturum</strong></span> 
     </span>
    </p>

    <p class='ocr_par' dir='ltr' id='par_1_8' title="bbox 201 2945 2175 3214">
     <span class='ocr_line' id='line_1_30' title="bbox 201 2945 2174 3033; baseline 0.004 -23"><span class='ocrx_word' id='word_1_202' title='bbox 201 2968 233 3016; x_wconf 81' lang='lat'>2</span> <span class='ocrx_word' id='word_1_203' title='bbox 271 2947 478 3032; x_wconf 85' lang='lat' dir='ltr'><strong>magis</strong></span> <span class='ocrx_word' id='word_1_204' title='bbox 523 2947 778 3030; x_wconf 88' lang='lat' dir='ltr'><strong>recipio.</strong></span> <span class='ocrx_word' id='word_1_205' title='bbox 870 2945 1053 3022; x_wconf 85' lang='lat' dir='ltr'><strong>Quod</strong></span> <span class='ocrx_word' id='word_1_206' title='bbox 1100 2947 1183 3011; x_wconf 88' lang='lat' dir='ltr'><strong>ad</strong></span> <span class='ocrx_word' id='word_1_207' title='bbox 1226 2969 1329 3012; x_wconf 90' lang='lat' dir='ltr'><strong>me</strong></span> <span class='ocrx_word' id='word_1_208' title='bbox 1376 2948 1634 3033; x_wconf 81' lang='lat' dir='ltr'><strong>attinet,</strong></span> <span class='ocrx_word' id='word_1_209' title='bbox 1687 2950 1777 3013; x_wconf 92' lang='lat' dir='ltr'><strong>mi</strong></span> <span class='ocrx_word' id='word_1_210' title='bbox 1823 2948 2044 3018; x_wconf 84' lang='lat' dir='ltr'><strong>Cicero</strong></span> <span class='ocrx_word' id='word_1_211' title='bbox 2088 2989 2174 2999; x_wconf 93' lang='lat'><strong>--</strong></span> 
     </span>
     <span class='ocr_line' id='line_1_31' title="bbox 270 3034 2173 3122; baseline 0.005 -25"><span class='ocrx_word' id='word_1_212' title='bbox 270 3036 364 3097; x_wconf 87' lang='lat' dir='ltr'><strong>ita</strong></span> <span class='ocrx_word' id='word_1_213' title='bbox 401 3035 480 3098; x_wconf 88' lang='lat' dir='ltr'><strong>ab</strong></span> <span class='ocrx_word' id='word_1_214' title='bbox 519 3034 1002 3099; x_wconf 88' lang='lat' dir='ltr'><strong>imminentibus</strong></span> <span class='ocrx_word' id='word_1_215' title='bbox 1039 3036 1225 3122; x_wconf 81' lang='lat' dir='ltr'><strong>malis</strong></span> <span class='ocrx_word' id='word_1_216' title='bbox 1260 3058 1362 3101; x_wconf 91' lang='lat' dir='ltr'><strong>res</strong></span> <span class='ocrx_word' id='word_1_217' title='bbox 1399 3038 1656 3121; x_wconf 90' lang='lat' dir='ltr'><strong>publica</strong></span> <span class='ocrx_word' id='word_1_218' title='bbox 1692 3060 1794 3103; x_wconf 90' lang='lat' dir='ltr'><strong>me</strong></span> <span class='ocrx_word' id='word_1_219' title='bbox 1832 3040 2173 3105; x_wconf 84' lang='lat' dir='ltr'><strong>adiuvante</strong></span> 
     </span>
     <span class='ocr_line' id='line_1_32' title="bbox 271 3122 2175 3214; baseline 0.005 -30"><span class='ocrx_word' id='word_1_220' title='bbox 271 3122 598 3188; x_wconf 84' lang='lat' dir='ltr'><strong>liberetur!</strong></span> <span class='ocrx_word' id='word_1_221' title='bbox 648 3160 731 3170; x_wconf 92' lang='lat'>—</span> <span class='ocrx_word' id='word_1_222' title='bbox 779 3124 869 3189; x_wconf 89' lang='lat' dir='ltr'><strong>sic</strong></span> <span class='ocrx_word' id='word_1_223' title='bbox 895 3124 1176 3189; x_wconf 89' lang='lat' dir='ltr'><strong>honores</strong></span> <span class='ocrx_word' id='word_1_224' title='bbox 1202 3126 1612 3210; x_wconf 89' lang='lat' dir='ltr'><strong>praemiaque</strong></span> <span class='ocrx_word' id='word_1_225' title='bbox 1638 3129 1853 3192; x_wconf 82' lang='lat' dir='ltr'><strong>vestra</strong></span> <span class='ocrx_word' id='word_1_226' title='bbox 1881 3130 2175 3214; x_wconf 85' lang='lat' dir='ltr'><strong>suspici0,</strong></span> 
     </span>
    </p>
   </div>
   <div class='ocr_carea' id='block_1_7' title="bbox 272 3347 2173 3559">
    <p class='ocr_par' dir='ltr' id='par_1_9' title="bbox 272 3347 2173 3559">
     <span class='ocr_line' id='line_1_33' title="bbox 413 3347 2173 3428; baseline 0.009 -29"><span class='ocrx_word' id='word_1_227' title='bbox 413 3347 514 3416; x_wconf 89' lang='lat' dir='ltr'><strong>Ep.</strong></span> <span class='ocrx_word' id='word_1_228' title='bbox 553 3355 604 3416; x_wconf 86' lang='lat'><strong>8,</strong></span> <span class='ocrx_word' id='word_1_229' title='bbox 633 3356 682 3405; x_wconf 82' lang='grc'><strong>6.</strong></span> <span class='ocrx_word' id='word_1_230' title='bbox 745 3358 985 3419; x_wconf 76' lang='lat' dir='ltr'><strong>paratus</strong></span> <span class='ocrx_word' id='word_1_231' title='bbox 1020 3355 1101 3408; x_wconf 83' lang='lat' dir='ltr'><strong>vel</strong></span> <span class='ocrx_word' id='word_1_232' title='bbox 1129 3354 1230 3422; x_wconf 87' lang='lat' dir='ltr'><strong>(sic</strong></span> <span class='ocrx_word' id='word_1_233' title='bbox 1256 3355 1354 3425; x_wconf 84' lang='lat' dir='ltr'><strong>M.)</strong></span> <span class='ocrx_word' id='word_1_234' title='bbox 1392 3395 1407 3410; x_wconf 90' lang='lat'><strong>.</strong></span> <span class='ocrx_word' id='word_1_235' title='bbox 1428 3397 1441 3410; x_wconf 90' lang='lat'><strong>.</strong></span> <span class='ocrx_word' id='word_1_236' title='bbox 1464 3397 1475 3414; x_wconf 80' lang='grc'>,</span> <span class='ocrx_word' id='word_1_237' title='bbox 1499 3396 1512 3410; x_wconf 92' lang='grc'><strong>.</strong></span> <span class='ocrx_word' id='word_1_238' title='bbox 1551 3372 1681 3411; x_wconf 79' lang='lat' dir='ltr'><strong>aux.</strong></span> <span class='ocrx_word' id='word_1_239' title='bbox 1710 3358 2173 3428; x_wconf 75' lang='lat' dir='ltr'><strong>provinciamque,</strong></span> 
     </span>
     <span class='ocr_line' id='line_1_34' title="bbox 272 3418 2168 3500; baseline 0.007 -29"><span class='ocrx_word' id='word_1_240' title='bbox 272 3422 336 3500; x_wconf 62' lang='lat' dir='ltr'><strong>u}</strong></span> <span class='ocrx_word' id='word_1_241' title='bbox 369 3418 450 3470; x_wconf 85' lang='lat' dir='ltr'><strong>vel</strong></span> <span class='ocrx_word' id='word_1_242' title='bbox 488 3418 632 3484; x_wconf 83' lang='lat' dir='ltr'><strong>(edd.</strong></span> <span class='ocrx_word' id='word_1_243' title='bbox 669 3424 846 3490; x_wconf 68' lang='lat' dir='ltr'><strong>vett).</strong></span> <span class='ocrx_word' id='word_1_244' title='bbox 910 3441 1059 3493; x_wconf 69' lang='lat' dir='ltr'><strong>par„</strong></span> <span class='ocrx_word' id='word_1_245' title='bbox 1094 3431 1158 3482; x_wconf 81' lang='lat' dir='ltr'><strong>ut</strong></span> <span class='ocrx_word' id='word_1_246' title='bbox 1192 3427 1275 3482; x_wconf 81' lang='lat' dir='ltr'><strong>vel</strong></span> <span class='ocrx_word' id='word_1_247' title='bbox 1309 3425 1410 3496; x_wconf 80' lang='lat' dir='ltr'><strong>(sic</strong></span> <span class='ocrx_word' id='word_1_248' title='bbox 1448 3426 1667 3496; x_wconf 80' lang='lat' dir='ltr'><strong>Graev.)</strong></span> <span class='ocrx_word' id='word_1_249' title='bbox 1813 3470 1826 3484; x_wconf 91' lang='lat'><strong>.</strong></span> <span class='ocrx_word' id='word_1_250' title='bbox 1866 3445 1918 3484; x_wconf 84' lang='lat' dir='ltr'><strong>a.</strong></span> <span class='ocrx_word' id='word_1_251' title='bbox 1946 3431 2168 3499; x_wconf 76' lang='lat' dir='ltr'><strong>provin·</strong></span> 
     </span>
     <span class='ocr_line' id='line_1_35' title="bbox 274 3489 852 3559; baseline 0.009 -17"><span class='ocrx_word' id='word_1_252' title='bbox 274 3502 514 3557; x_wconf 72' lang='lat' dir='ltr'><strong>mamque</strong></span> <span class='ocrx_word' id='word_1_253' title='bbox 547 3490 630 3544; x_wconf 79' lang='lat' dir='ltr'><strong>vel</strong></span> <span class='ocrx_word' id='word_1_254' title='bbox 663 3489 755 3559; x_wconf 68' lang='lat' dir='ltr'><strong>M„</strong></span> <span class='ocrx_word' id='word_1_255' title='bbox 792 3492 852 3547; x_wconf 90' lang='grc' dir='ltr'><strong>Β.</strong></span> 
     </span>
    </p>
   </div>
  </div>
 </body>
</html>
