2338 3691
721 124 1241 180 EPISTOLARUM
1275 124 1369 180 Vl.
1409 131 1564 180 4—6.
1981 125 2109 190 167

182 271 256 336 in
296 274 434 335 tam
482 271 675 336 bonis
722 270 967 335 civibus
1001 273 1139 335 tam
1177 269 1408 335 acerba
1452 270 1706 335 iniuria.
1778 269 1989 346 Quare
2026 271 2109 335 ad
2147 287 2180 336 3

186 382 329 425 eam
384 381 596 444 spem,
657 380 848 442 quam
906 359 981 424 de
1031 360 1317 425 omn-spus
1367 358 1683 438 habemm,
1736 361 1965 425 accedit
2018 379 2109 439 ea,

185 471 382 532 quam
427 453 612 513 extra
648 448 941 514 ordinem
975 447 1054 512 de
1088 452 1155 513 te
1193 448 1337 532 ipso
1375 447 1691 513 habemus
1726 469 1864 514 non
1900 448 2111 514 solum

188 541 454 621 propter
501 537 887 623 dignitatem
931 540 998 601 et
1041 538 1350 602 virtutem
1394 539 1577 602 tuam
1603 573 1692 584 —
1728 537 1891 602 haec
1936 537 2111 602 enim

188 629 577 691 ornamenta
622 629 777 691 sunt
817 624 941 690 tibi
985 626 1185 690 etiam
1229 647 1375 690 cum
1421 626 1565 712 aliis
1611 626 1992 692 communia
2005 662 2111 710 -—,

186 716 294 780 sed
336 716 527 779 etiam
588 718 855 800 propter
917 715 1222 779 eximium
1273 714 1610 801 ingenium
1667 736 2109 800 summamque

190 804 647 888 eloquentiam,
695 803 799 869 cui
844 802 1241 868 mehercules
1286 804 1410 889 hic,
1457 803 1636 868 cuius
1673 804 1744 868 in
1787 807 2110 889 potestate

190 915 442 976 sumus,
495 894 773 957 multum
834 891 1080 957 tribuit.
1171 892 1400 978 Itaque
1459 913 1542 956 ne
1604 896 1919 977 punctum
1973 893 2111 978 qui-

190 981 340 1046 dem
395 982 703 1066 temporis
757 981 828 1046 in
881 981 1010 1046 ista
1052 981 1320 1047 fortuna
1361 981 1627 1066 fuisses,
1671 981 1800 1047 nisi
1844 1003 1923 1047 eo
1967 982 2111 1067 ipso

189 1070 369 1136 bono
433 1074 550 1135 tuo
557 1121 576 1154 ,
638 1092 766 1155 quo
831 1070 1212 1153 delectatur,
1288 1092 1357 1136 se
1419 1070 1734 1136 violatum
1793 1074 2112 1156 putasset3

192 1159 370 1243 quod
415 1159 630 1243 ipsum
672 1159 914 1224 lenitur
966 1159 1282 1245 quotidie,
1339 1159 1870 1246 significaturque
1920 1159 2112 1225 nobis

191 1248 277 1312 ab
324 1248 433 1332 iis,
489 1250 599 1332 qui
643 1249 836 1313 simul
882 1270 1029 1313 cum
1072 1270 1148 1313 eo
1196 1249 1449 1334 vivunt,
1507 1247 1629 1313 tibi
1681 1248 1853 1313 hanc
1904 1249 2115 1333 ipsam

188 1337 571 1421 opinionem
634 1337 882 1423 ingenii
945 1337 1117 1421 apud
1180 1337 1364 1403 illum
1417 1337 1768 1423 plurimum
1821 1337 2113 1421 profutu-

190 1448 352 1490 ram.
448 1424 853 1512 Quapropter
905 1426 1188 1511 primum
1247 1426 1355 1491 fac
1417 1426 1636 1492 animo
1698 1426 1856 1492 forti
1920 1430 2113 1510 atque
2151 1441 2185 1490 4

191 1536 437 1601 magno
485 1515 574 1591 sis
617 1551 706 1562 —
748 1515 844 1580 ita
887 1515 1061 1580 enim
1104 1518 1318 1601 natus,
1362 1515 1459 1581 ita
1494 1516 1820 1601 educatus,
1863 1515 1960 1580 ita
2003 1515 2114 1581 do·

192 1607 337 1668 ctus
398 1625 492 1689 es,
544 1604 639 1668 ita
693 1604 889 1669 etiam
935 1604 1263 1690 cognitus,
1325 1608 1400 1670 ut
1451 1604 1575 1670 tibi
1625 1604 1693 1670 id
1745 1604 2117 1670 faciendum

192 1691 285 1757 sit
336 1729 424 1739 —
437 1743 456 1777 ,
520 1692 749 1758 deinde
813 1714 995 1778 spem
1059 1714 1314 1778 quoque
1377 1693 1620 1759 habeas
1681 1693 2116 1759 firmissimam

194 1783 466 1867 propter
528 1803 637 1847 eas
692 1803 946 1868 causas,
1009 1803 1171 1867 quas
1228 1782 1479 1868 scripsi:
1545 1805 1587 1848 a
1640 1805 1741 1849 me
1795 1805 1950 1850 vero
1993 1782 2117 1849 tibi

194 1871 421 1936 omnia
463 1870 809 1957 liberisque
853 1872 984 1936 tuis
1029 1872 1440 1957 paratissima
1494 1894 1632 1938 esse
1680 1873 1965 1938 confidas
2010 1895 2114 1937 ve-

193 1960 336 2043 lim3
382 1960 453 2024 id
498 1961 672 2025 enim
718 1964 785 2025 et
827 1964 1115 2026 vetustas
1162 1961 1372 2026 nostri
1409 1962 1646 2027 amoris
1684 1965 1750 2026 et
1784 1984 1930 2026 mea
1965 1983 2116 2026 con-

188 2048 472 2202 Ξίιιῗιιῆο
519 2049 591 2114 in
633 2058 812 2115 meos
857 2053 925 2115 et
975 2052 1093 2115 tua
1134 2051 1342 2115 multa
1388 2070 1543 2136 erga
1595 2072 1697 2115 me
1744 2050 1961 2115 officia
2001 2071 2116 2136 po-

328 2159 417 2203 an
451 2188 465 2202 .

1094 2349 1210 2416 VI.

428 2460 544 2517 Ser.
584 2461 793 2516 Romae
832 2463 984 2532 (post
1016 2461 1138 2518 VII.
1178 2463 1245 2517 K.
1285 2462 1459 2533 Sext.)
1498 2479 1547 2517 a.
1586 2481 1639 2517 u.
1680 2480 1727 2518 c.
1769 2469 1887 2520 708.

610 2585 684 2639 Μ.
723 2584 981 2640 CICERO
1020 2586 1074 2641 S.
1111 2586 1178 2641 D.
1217 2588 1281 2642 A.
1320 2586 1701 2643 CAECINAE.

329 2685 610 2770 Vereor,
662 2707 745 2750 ne
791 2686 1110 2751 desideres
1157 2686 1443 2752 officium
1487 2709 1727 2773 meum,
1783 2687 1954 2772 quod
1996 2686 2121 2753 tibi
2157 2701 2186 2751 1

191 2797 315 2860 pro
372 2778 603 2839 nostra
666 2777 732 2839 et
792 2775 1168 2840 meritorum
1224 2778 1575 2841 multorum
1639 2780 1704 2841 et
1758 2777 2117 2841 studiorum

190 2864 454 2949 parium
502 2863 956 2928 coniunctione
1003 2863 1223 2929 deesse
1268 2887 1405 2930 non
1460 2864 1676 2948 debet,
1731 2864 1841 2929 sed
1894 2867 2119 2928 tamen

194 2974 451 3037 vereor,
498 2973 584 3017 ne
627 2952 988 3018 litterarum
1034 2975 1073 3016 a
1115 2975 1220 3018 me
1267 2954 1552 3018 officium
1594 2953 1910 3038 requiras,
1957 2974 2116 3036 quas

191 3042 317 3106 tibi
365 3044 435 3106 et
478 3041 858 3126 iampridem
905 3044 972 3105 et
1016 3063 1208 3127 saepe
1253 3043 1597 3126 misissem,
1649 3041 1777 3106 nisi
1830 3042 2116 3126 quotidie

339 3268 447 3340 Ep.
480 3274 529 3337 5,
550 3274 599 3323 3.
672 3286 837 3338 quam
861 3269 928 3324 de
954 3270 1140 3324 ceteris
1165 3270 1422 3323 habemus
1454 3268 1564 3336 (W.
1567 3271 1622 3337 )?
1662 3297 1728 3307 —
1764 3268 1871 3322 tibi
1906 3267 2117 3337 [etiam]

196 3358 322 3395 cum
361 3340 472 3406 (W.
476 3311 541 3410 )3?
578 3370 649 3381 —
685 3342 778 3394 sed
812 3342 976 3395 etiam
1002 3344 1234 3409 propter
1270 3339 1422 3406 (Wn)
1485 3343 1717 3406 propter
1750 3338 1826 3391 M.
1905 3338 1999 3390 sed
2024 3353 2115 3402 pr.

195 3411 534 3538 Μῑιιίνίἷί,13
514 3410 578 3465 Β.
634 3441 703 3451 -
755 3427 1124 3481 summamque
1165 3409 1524 3478 eloquentiam
1578 3407 1766 3476 (Schm)
1855 3421 1899 3459 s.
1935 3410 1972 3471 †
2007 3406 2119 3457 vir-
