2338 3691
753 84 1272 141 EPISTOLARUM
1308 86 1402 140 IV.
1443 92 1491 140 2.
1530 92 1579 141 3.
2035 85 2121 150 95

210 229 598 314 potuissent.
669 227 886 295 Dices:
930 231 1122 315 „quid
1166 252 1271 296 me
1316 230 1445 295 ista
1487 252 1589 297 res
1635 231 2008 296 consolatur
2051 229 2122 293 in

211 318 416 383 tantis
468 317 755 384 tenebris
811 322 877 383 et
939 320 1125 404 quasi
1189 319 1524 403 parietinis
1586 319 1679 384 rei
1741 316 2122 403 publicae‘?“

207 405 337 471 Est
382 408 649 472 omnino
693 407 803 472 vix
846 408 1260 473 consolabilis
1298 407 1481 473 dolor
1507 444 1595 454 ——
1621 412 1809 472 tanta
1854 410 1954 472 est
1990 428 2121 471 om·

210 496 396 561 nium
440 517 657 561 rerum
701 495 961 561 amissio
1018 500 1085 561 et
1129 496 1488 581 desperatio
1543 495 1962 580 recuperandi
2005 518 2123 578 -3

210 584 329 649 sed
364 587 588 650 tamen
624 588 691 649 et
727 582 963 649 Caesar
996 584 1136 669 ipse
1172 586 1265 649 ita
1301 584 1377 649 de
1413 589 1478 649 te
1514 585 1755 650 iudicat
1799 589 1865 649 et
1901 605 2122 649 omnes

211 672 386 738 cives
436 672 528 737 sic
572 673 960 757 existimant,
1005 674 1190 757 quasi
1234 674 1452 758 lumen
1488 674 1747 757 aliquod
1792 673 2123 738 exstinctis

210 761 448 827 ceteris
493 763 743 826 elucere
790 761 1201 826 sanctitatem
1247 764 1313 827 et
1354 761 1762 847 prudentiam
1809 765 1874 826 et
1918 761 2122 846 digni·

207 853 422 916 tatem
455 853 668 916 tuam:
710 849 873 915 haec
906 849 1146 928 tibiad
1182 850 1489 916 levandas
1524 850 1850 915 molestias
1886 870 2125 935 magna

212 960 358 1004 esse
406 939 660 1005 debent.
732 936 918 1016 Quod
963 942 1178 1004 autem
1224 961 1264 1003 a
1297 940 1428 1004 tuis
1476 938 1647 1023 abes,
1690 938 1756 1003 id
1801 960 1877 1003 eo
1921 939 2124 1003 levius

211 1027 557 1093 ferendum
619 1030 744 1111 est,
806 1026 978 1112 quod
1040 1028 1264 1093 eodem
1325 1032 1613 1112 tempore
1676 1049 1717 1092 a
1777 1027 1997 1092 multis
2062 1031 2128 1090 et

214 1116 476 1202 magnis
520 1114 831 1182 molestiis
877 1116 1057 1200 abes3
1102 1138 1261 1200 quas
1298 1117 1380 1181 ad
1416 1119 1482 1180 te
1519 1137 1742 1182 omnes
1778 1115 2127 1200 perscribe·

213 1227 386 1290 rem,
440 1204 567 1269 nisi
609 1225 889 1288 vererer,
941 1225 1026 1269 ne
1072 1226 1149 1270 ea
1193 1225 1614 1290 cognosceres
1660 1204 1892 1269 absens
1901 1256 1918 1287 ,
1965 1224 2127 1288 quae

216 1294 376 1379 quia
410 1314 548 1359 non
580 1293 776 1378 videS,
810 1292 973 1360 mihi
1008 1293 1242 1359 videris
1279 1293 1539 1358 meliore
1578 1313 1717 1357 esse
1756 1292 2128 1360 condicione

218 1404 418 1468 quam
447 1404 584 1466 nos,
619 1383 731 1467 qui
765 1381 1071 1450 videmus.
1141 1380 1473 1448 Hactenus
1511 1380 1802 1446 existimo
1839 1384 2128 1446 nostram
2166 1396 2197 1444 3

220 1470 735 1537 consolationem
787 1473 960 1535 recte
1015 1470 1370 1535 adhibitam
1416 1491 1580 1555 esse,
1631 1469 1846 1556 quoad
1899 1468 2131 1534 certior

221 1561 306 1625 ab
352 1560 615 1624 homine
678 1558 1064 1624 amicissimo
1117 1559 1306 1623 fieres
1356 1559 1435 1623 iis
1490 1558 1567 1622 de
1620 1558 1837 1642 rebus,
1901 1557 2130 1642 quibus

219 1648 427 1714 levari
470 1650 739 1733 possent
790 1647 1121 1713 molestiae
1175 1650 1343 1713 tuae.
1431 1646 1705 1732 Reliqua
1750 1649 1902 1711 sunt
1952 1647 2022 1710 in
2065 1649 2131 1709 te

222 1737 371 1822 ipso
417 1757 625 1821 neque
648 1735 831 1800 mihi
873 1736 1102 1821 ignota
1137 1757 1257 1800 nec
1293 1736 1559 1800 minima
1595 1735 1843 1819 solatia,
1887 1738 1962 1799 ut
1997 1735 2131 1818 qui-

224 1826 375 1892 dem
408 1845 547 1911 ego„
561 1825 799 1909 sentiO,
843 1826 1047 1892 multo
1082 1825 1387 1890 maxima:
1435 1845 1596 1909 quae
1644 1844 1763 1910 ego
1802 1823 2133 1909 experiens

225 1915 515 2000 quotidie
562 1914 653 1979 sic
698 1914 899 1998 probo
914 1964 932 1998 ,
986 1917 1061 1979 ut
1113 1935 1191 1979 ea
1232 1913 1394 1981 mihi
1447 1914 1718 1979 salutem
1773 1913 1998 1979 afferre
2042 1914 2132 1977 vi-

224 2006 532 2087 deantur,
583 2007 649 2067 te
696 2006 911 2067 autem
957 2002 1038 2066 ab
1084 2003 1270 2067 initio
1318 2002 1547 2067 aetatis
1592 2002 1899 2067 memoria
1942 2005 2132 2066 teneo

227 2113 479 2159 summe
525 2091 813 2158 omnium
857 2090 1295 2156 doctrinarum
1348 2090 1705 2157 studiosum
1757 2089 1956 2155 fuisse
2004 2111 2134 2154 om·

225 2183 497 2266 niaque,
551 2201 712 2265 quae
759 2201 800 2244 a
844 2180 1333 2264 sapientissimis
1376 2180 1531 2245 viris
1575 2178 1656 2244 ad
1701 2178 1866 2243 bene
1920 2179 2136 2243 viven-

229 2271 389 2336 dum
451 2269 691 2334 tradita
753 2271 992 2354 essent,
1057 2290 1305 2334 summo
1372 2267 1583 2333 studio
1648 2288 1924 2351 curaque
1980 2266 2135 2331 didi-

229 2360 425 2442 cisse3
488 2379 651 2442 quae
715 2357 972 2442 quidem
1032 2358 1135 2423 vel
1191 2356 1450 2441 optimis
1503 2356 1693 2421 rebus
1758 2360 1823 2420 et
1876 2356 2020 2420 usui
2073 2358 2140 2419 et

225 2442 649 2513 'delectationi
684 2467 822 2511 esse
858 2448 1143 2530 possent,
1187 2446 1290 2510 his
1325 2466 1476 2510 vero
1512 2443 1908 2529 temporibus
1943 2443 2137 2508 habe-

233 2558 378 2600 mus
416 2534 591 2600 aliud
627 2534 808 2619 nihil,
841 2534 913 2599 in
949 2548 1087 2619 quo·
1114 2534 1608 2619 acquiescamus
1688 2531 1870 2598 Nihil
1904 2532 2138 2597 faciam

231 2623 590 2690 insolenter
625 2644 833 2707 neque
869 2625 934 2686 te
970 2622 1089 2687 tali
1123 2623 1226 2688 vel
1255 2622 1522 2687 scientia
1556 2622 1658 2686 vel
1689 2625 1924 2686 natura
1958 2641 2137 2704 prae·

234 2713 447 2778 ditum
489 2711 827 2814 hortabor,
871 2714 948 2776 ut
992 2710 1075 2776 ad
1119 2733 1228 2776 eas
1272 2714 1337 2775 te
1380 2710 1621 2775 referas
1667 2713 1836 2775 artes
1846 2760 1863 2793 ,
1910 2707 2139 2791 quibus

234 2824 273 2866 a
318 2801 546 2886 primis
590 2799 987 2885 temporibus
1041 2799 1270 2864 aetatis
1330 2799 1611 2863 studium
1654 2802 1839 2863 tuum
1884 2795 2139 2860 dedisti.

232 2893 496 2955 tantum
558 2888 794 2972 dicam,
857 2887 1029 2973 quod
1080 2891 1146 2952 te
1202 2908 1387 2972 spero
1434 2887 1966 2972 approbatum,
2023 2906 2143 2969 me,
2178 2898 2212 2947 4

233 2981 660 3063 posteaquam
703 2977 799 3042 illi
845 2977 996 3061 arti,
1041 2976 1144 3041 cui
1190 2975 1583 3059 studueram,
1627 2974 1790 3038 nihil
1836 2994 1972 3038 esse
2016 2973 2142 3040 loci

235 3087 448 3152 neque
473 3066 545 3130 in
572 3065 750 3131 curia
775 3085 983 3150 neque
1016 3064 1089 3130 in
1122 3064 1267 3132 foro
1309 3063 1606 3147 viderem,
1644 3083 1899 3128 omnem
1935 3083 2143 3128 meam

378 3292 486 3364 ΕΡ
524 3298 576 3362 3,
604 3298 655 3349 2.
727 3293 977 3349 ἀοῖον-
1005 3296 1214 3348 tanta.
1273 3289 1685 3358 ‚recuperandi
1721 3308 1819 3354 -;
1862 3288 1955 3343 sed
1992 3287 2140 3354 (Wm)

238 3363 321 3420 ἅ.-
358 3368 397 3419 t.
475 3405 522 3419 ..
562 3378 699 3431 νοῦς
732 3365 841 3420 sed.
914 3369 964 3417 3.
1002 3363 1192 3429 sentio,
1227 3361 1394 3418 multo
1427 3359 1504 3415 M.
1593 3375 1656 3426 a,
1691 3359 1796 3414 sed.
1836 3374 1902 3412 m.
1941 3356 2001 3409 B.
2092 3361 2140 3408 4.

239 3435 477 3491 viderem
512 3434 608 3505 (M.
610 3438 645 3506 ).
720 3435 949 3490 viderim
983 3432 1070 3503 V.‚
1106 3433 1167 3487 B.
