2338 3691
243 135 374 200 124
805 135 882 192 Μ.
920 134 1171 192 TULLII
1205 134 1587 194 CICERONIS

237 282 527 366 ignosco,
571 281 685 347 sed
729 303 1047 348 summam
1091 282 1289 346 etiam
1324 281 1584 348 laudem
1617 281 1834 349 tribuo
1862 317 1947 330 -
1976 303 2174 349 meus

239 370 414 435 enim
454 392 576 436 ¹me
639 392 895 454 sensus,
958 374 1205 455 quanta
1264 370 1363 436 vis
1424 370 1700 437 fraterni
1762 371 1849 436 sit
1903 373 2173 457 amoris,

239 459 546 524 admonet
589 483 704 544 -3
757 481 799 525 a
840 462 907 524 te
961 463 1142 544 peto,
1197 463 1272 525 ut
1321 463 1398 525 tu
1451 481 1705 545 quoque
1762 481 2040 545 aequum
2094 465 2173 527 te

238 546 516 613 iudicem
560 548 769 613 dolori
822 569 968 614 meo
1021 549 1361 633 praebeas:
1416 549 1473 614 si
1519 548 1773 633 acerbe,
1828 550 1885 614 si
1938 549 2169 615 crude·

236 636 403 720 liter,
448 637 505 702 si
549 636 688 701 sine
734 657 929 703 causa
973 658 1117 702 sum
1161 660 1203 702 a
1246 637 1376 703 tuis
1422 640 1868 722 oppugnatus,
1909 641 1986 703 ut
2030 641 2172 704 sta·

237 728 386 789 tuas
430 725 590 790 mihi
634 747 772 791 non
815 725 1008 792 modo
1049 748 1188 792 non
1223 726 1595 811 cedendum,
1641 723 1753 791 sed
1798 726 1997 792 etiam
2040 730 2171 794 tuo

238 816 432 897 atque
478 815 792 881 exercitus
834 815 935 880 tui
979 815 1217 881 auxilio
1262 816 1335 880 in
1373 814 1687 881 eiusmodi
1731 836 1926 881 causa
1971 818 2167 882 uten-

237 902 394 967 dum
435 903 664 988 fuisse;
709 924 831 990 ego
875 908 942 969 te
977 904 1139 969 mihi
1175 925 1428 988 semper
1462 904 1740 970 amicum
1777 925 1916 970 esse
1960 904 2170 991 volui,

236 1011 340 1056 me
384 995 460 1056 ut
501 993 623 1057 tibi
679 993 1135 1058 amicissimum
1190 1014 1328 1059 esse
1380 994 1795 1080 intelligeres,
1837 993 2166 1059 laboravi:

235 1101 468 1147 maneo
512 1082 585 1146 in
629 1083 963 1147 voluntate
1009 1085 1092 1166 et,
1136 1083 1350 1166 quoad
1394 1084 1570 1148 voles
1616 1086 1716 1167 tu,
1759 1082 2164 1168 permanebo

237 1169 552 1254 citiusque
607 1192 824 1237 amore
876 1172 976 1237 tui
1026 1171 1298 1237 fratrem
1348 1174 1535 1238 tuum
1588 1171 1798 1237 odisse
1845 1171 2164 1257 desinam,

236 1279 433 1343 quam
476 1259 652 1326 illius
706 1260 855 1327 odio
901 1260 1252 1345 quidquam
1307 1260 1386 1325 de
1430 1264 1656 1326 nostra
1700 1260 2162 1326 benevolentia

235 1347 590 1414 detraham

1127 1578 1247 1645 III.

712 1698 828 1756 Ser.
864 1700 925 1754 in
960 1699 1239 1771 Hispania
1274 1717 1324 1756 a.
1361 1717 1417 1756 u.
1454 1716 1501 1755 c.
1539 1705 1659 1757 698.

472 1838 537 1909 Q.
571 1839 961 1899 METELLUS
997 1841 1237 1899 NEPOS
1276 1841 1330 1898 S.
1366 1840 1434 1899 D.
1472 1841 1545 1897 M.
1586 1835 1947 1898 CICERONI.

162 1961 193 2012 1
363 1945 665 2017 Hominis
691 1951 1232 2037 importunissimi
1266 1952 1710 2036 contumeliae,
1746 1952 1977 2037 quibus
2013 1973 2150 2018 cre·
2261 1956 2274 1973 ‘

230 2037 364 2104 bris
420 2039 838 2107 concionibus
890 2064 994 2107 me
1051 2045 1306 2127 onerat,
1361 2042 1492 2106 tuis
1545 2061 1701 2127 erga
1755 2063 1857 2106 me
1913 2041 2153 2107 officiis

229 2127 562 2195 leniuntur
606 2133 699 2214 et,
750 2133 825 2196 ut
869 2134 1025 2196 sunt
1066 2131 1239 2196 leves
1285 2130 1369 2196 ab
1414 2130 1727 2195 eiusmodi
1770 2129 2058 2215 homine,
2106 2153 2154 2195 a

228 2237 332 2281 me
379 2216 836 2305 despiciuntur,
877 2219 1279 2304 libenterque
1324 2221 1720 2285 commutata
1752 2240 2032 2304 persona
2077 2221 2148 2284 te

157 2319 190 2368 2
228 2305 389 2371 mihi
431 2306 653 2373 fratris
697 2309 842 2374 loco
888 2330 1028 2374 esse
1073 2308 1256 2374 duco,
1344 2306 1444 2374 De
1487 2308 1600 2373 illo
1646 2329 1730 2373 ne
1775 2308 2145 2374 meminisse

229 2393 488 2478 quidem
530 2397 696 2482 volo,
739 2397 1000 2462 tametsi
1043 2396 1145 2462 bis
1191 2418 1338 2462 eum
1381 2396 1659 2461 invitum
1703 2397 1968 2462 servavi.
2039 2394 2146 2462 De

226 2484 387 2550 meis
448 2483 668 2571 rebus,
730 2508 813 2552 ne
875 2486 1059 2552 vobis
1120 2485 1533 2551 multitudine
1586 2485 1948 2550 litterarum
2004 2506 2145 2551 mo·

224 2573 451 2638 lestior
493 2595 726 2659 essem,
779 2574 862 2640 ad
907 2573 1191 2641 Lollium
1232 2573 1601 2660 perscripsi,
1654 2573 1732 2639 de
1776 2573 2145 2639 rationibus

223 2663 595 2748 provinciae
650 2664 804 2748 quid
857 2664 1089 2730 vellem
1138 2663 1307 2748 fieri,
1363 2666 1439 2728 ut
1489 2663 1547 2728 is
1599 2684 1716 2728 vos
1770 2661 2030 2728 doceret
2073 2665 2146 2728 et

226 2751 822 2819 commonefaceret.
913 2750 982 2818 Si
1025 2752 1289 2837 poteris,
1333 2751 1526 2817 velim
1569 2751 1914 2837 pristinam
1955 2755 2144 2817 tuam

225 2860 387 2928 erga
426 2863 531 2906 me
575 2841 979 2907 voluntatem
1025 2861 1381 2907 conserves.

364 3066 467 3137 Ep.
506 3075 556 3136 2,
588 3075 671 3124 10.
744 3070 929 3123 tribuo
963 3098 1033 3108 —-
1068 3084 1217 3123 meus
1377 3069 1627 3124 admonet
1663 3088 1763 3134 —;
1807 3085 1844 3123 a
1887 3070 1938 3123 tc
1982 3064 2143 3138 (W.).

224 3141 322 3204 tm
359 3154 508 3193 mette
668 3140 933 3196 amanet.
1005 3140 1062 3195 A
1098 3144 1150 3196 te
1185 3139 1374 3210 vulgo.
