2338 3691
108 639 173 687 23

212 129 300 194 30
778 127 853 182 M.
891 127 1139 182 TULLII
1179 125 1561 184 CICERONIS

212 275 558 356 actionum,
603 273 1087 356 sententiarum,
1131 273 1562 356 voluntatum,
1602 292 1819 336 rerum
1855 272 2134 358 denique

212 362 501 428 omnium
538 361 784 426 socium
821 360 1246 444 comitemque
1282 360 1570 444 habebis,
1612 382 1822 444 neque
1859 360 2019 425 mihi
2057 362 2138 426 in

211 451 390 516 omni
427 449 563 513 vita
597 470 700 513 res
735 452 873 513 tam
910 449 1033 513 erit
1069 449 1205 513 ulla
1239 449 1590 534 proposita,
1635 470 1830 534 quam
1864 453 1940 513 ut
1973 471 2137 533 quo-

209 538 366 603 tidie
418 537 863 602 vehementius
914 540 980 601 te
1036 537 1115 601 de
1171 559 1275 601 me
1330 537 1572 621 optime
1636 537 1936 602 meritum
1990 559 2138 602 esse

209 627 466 691 laetere.
557 624 744 701 Quod
786 646 1010 710 rogas,
1074 628 1150 690 ut
1207 646 1352 689 mea
1394 625 1518 690 tibi
1573 626 1813 710 scripta
1857 627 2139 711 mittam,

214 736 376 798 quae
405 717 555 798 post
582 714 931 779 discessum
969 716 1157 778 tuum
1198 714 1579 798 scripserim,
1616 716 1769 779 sunt
1805 714 2137 779 orationes

213 801 555 887 quaedam,
611 823 770 886 quas
824 801 1185 867 Menocrito
1232 802 1427 886 dabo,
1479 823 1689 886 neque
1733 803 1827 866 ita
1870 803 2140 888 multae,

212 913 296 955 ne
339 891 773 974 pertimescas.
862 888 1105 975 Scripsi
1149 890 1347 955 etiam
1373 925 1459 937 -
1486 911 1642 955 nam
1697 890 1777 954 ab
1825 891 2138 956 orationi-

211 979 335 1043 bus
398 978 668 1063 diiungo
730 999 834 1043 me
904 977 1042 1042 fere
1103 979 1442 1062 referoque
1516 978 1598 1043 ad
1663 979 2139 1044 mansuetiores

211 1065 462 1150 MusaS,
518 1087 681 1150 quae
734 1087 838 1131 me
880 1085 1049 1130 nunc
1101 1067 1407 1150 maxime,
1454 1067 1619 1131 sicut
1662 1067 1792 1131 iam
1838 1089 1877 1131 a
1921 1068 2139 1151 prima

213 1155 646 1220 adolescentia
692 1152 1094 1218 delectarunt
1121 1190 1207 1202 —
1236 1155 1404 1239 scrip
1408 1155 1463 1219 si
1505 1155 1708 1240 igitur
1748 1153 2136 1221 Aristotelio

212 1265 418 1328 more,
476 1241 1016 1328 quemadmodum
1060 1242 1318 1327 quidem
1363 1243 1565 1326 volui,
1618 1246 1750 1307 tres
1803 1243 2006 1309 libros
2058 1244 2136 1308 in

213 1332 651 1417 disputatione
697 1352 774 1394 ac
819 1331 1077 1415 dialogo
1127 1331 1243 1414 „de
1291 1329 1581 1396 oratore“
1580 1352 1805 1415 ,quos
1852 1332 2138 1397 arbitror

213 1419 492 1485 Lentulo
545 1423 661 1484 tuo
715 1419 855 1484 fore
910 1441 1046 1484 non
1100 1419 1390 1503 inutiles,
1458 1419 1810 1483 abhorrent
1864 1421 2037 1484 enim
2094 1443 2137 1485 a

212 1508 662 1574 communibus
715 1507 1076 1591 praeceptis
1139 1510 1333 1590 atque
1388 1528 1645 1572 omnem
1700 1507 2137 1593 antiquorum,

214 1598 280 1660 et
323 1595 770 1659 Aristoteliam
829 1597 897 1658 et
947 1594 1355 1679 Isocratiam,
1407 1595 1728 1660 rationem
1781 1596 2135 1661 oratoriam

214 1684 746 1766 complectuntur.
838 1679 1081 1782 Scripsi
1133 1684 1331 1747 etiam
1391 1684 1682 1748 versibus
1744 1687 1877 1748 tres
1930 1685 2136 1750 libros

216 1771 293 1836 de
338 1770 739 1871 temporibus
784 1770 963 1854 meiS,
1008 1791 1171 1856 quos
1215 1772 1349 1836 iam
1391 1772 1641 1857 pridem
1686 1773 1768 1836 ad
1813 1776 1879 1836 te
1923 1773 2136 1837 misis-

216 1881 370 1944 sem,
417 1860 474 1923 si
516 1880 659 1923 esse
704 1858 984 1924 edendos
1044 1863 1376 1945 putassem
1403 1897 1488 1908 —
1518 1864 1671 1926 sunt
1715 1861 1889 1926 enim
1929 1864 2135 1927 testes

217 1952 284 2012 et
348 1950 540 2011 erunt
603 1948 977 2031 sempiterni
1039 1949 1417 2013 meritorum
1488 1970 1645 2034 erga
1706 1972 1808 2014 me
1870 1952 2138 2015 tuorum

214 2057 520 2119 meaeque
565 2035 825 2119 pietatis
853 2072 957 2121 —,
1003 2036 1134 2120 sed,
1181 2038 1333 2121 quia
1370 2037 1640 2102 verebar
1675 2059 1811 2102 non
1847 2058 1975 2121 eOS,
2020 2040 2137 2123 qui

216 2147 285 2190 se
328 2126 539 2189 laesos
585 2124 1053 2189 arbitrarentur
1096 2160 1183 2172 --
1229 2125 1468 2189 etenim
1519 2126 1587 2189 id
1638 2126 1764 2190 feci
1818 2147 2009 2210 parce
2067 2131 2142 2191 et

215 2213 498 2278 molliter
543 2248 656 2297 -—,
703 2213 814 2278 sed
870 2234 979 2278 eos
988 2263 1006 2296 ,
1053 2235 1216 2297 quos
1271 2216 1411 2277 erat
1461 2214 1790 2278 infinitum
1842 2215 2007 2278 bene
2054 2213 2140 2280 de

216 2323 318 2366 me
364 2301 631 2366 meritos
687 2322 910 2366 omnes
954 2301 1292 2366 nominare
1310 2301 1347 2340 ‘¹‘
1337 2302 1428 2383 *3
1488 2323 1676 2403 quos·
1693 2305 1914 2367 tamen
1953 2303 2142 2387 ipsos

217 2390 436 2474 libros,
482 2390 539 2454 si
583 2412 792 2475 quem,
838 2390 942 2454 cui
984 2393 1157 2453 recte
1195 2390 1613 2474 committam,
1655 2390 1982 2475 invenem,
2025 2412 2140 2456 cu-

217 2478 375 2544 rabo
423 2478 505 2541 ad
549 2480 616 2542 te
661 2477 1097 2563 perferendos.
1188 2476 1405 2562 Atque
1447 2478 1643 2542 istam
1687 2479 1946 2563 quidem
1988 2502 2144 2565 par-

216 2570 351 2631 tem
413 2566 584 2632 vitae
647 2565 1259 2651 consuetudinisque
1330 2570 1591 2631 nostrae
1653 2570 1862 2632 totam
1924 2567 2006 2631 ad
2068 2571 2142 2633 te

219 2656 464 2720 defero.
449 2678 464 2693 ·
512 2657 828 2739 quantum
873 2654 1124 2737 litteris,
1167 2658 1485 2738 quantum
1522 2655 1769 2740 studiis,
1810 2655 2144 2721 veteribus

359 2830 464 2899 Ep
502 2835 553 2896 9,
583 2834 669 2882 23.
734 2828 954 2894 multae,
989 2829 1588 2898 nepertimescasCW)
1661 2847 1764 2897 m.;
1797 2846 1945 2900 nep.
1983 2830 2140 2884 B.—

219 2917 349 2954 nam
386 2900 456 2954 ab
494 2915 573 2953 or.
610 2899 841 2968 diiunyo
877 2914 959 2953 me
992 2899 1106 2966 fere
1143 2899 1404 2969 (Graevu)
1476 2918 1609 2955 ‘nam
1646 2903 1807 2956 etiam
1856 2903 1925 2956 ab
1964 2918 2042 2956 or.
2081 2904 2138 2958 d.

219 2969 886 3039 fiM1(d.mefM‘>)
958 2986 1090 3025 nam
1137 2988 1219 3025 me
1263 2971 1681 3036 iamaboer
1718 2971 1917 3040 fiOr„
1955 2972 2016 3025 B.
2068 3004 2142 3014 —

220 3057 360 3110 quae
385 3057 467 3095 me
482 3057 634 3095 nunc
659 3041 910 3106 maxime,
946 3042 1090 3096 sicut
1118 3042 1251 3111 (W).
1326 3058 1374 3111 q.
1411 3058 1494 3096 me
1518 3045 1754 3098 maxime
1779 3044 1922 3097 sicut
1947 3043 2139 3115 vulg0.

222 3141 290 3151 —
328 3112 496 3166 libros
529 3113 593 3166 in
629 3113 769 3181 disp.
809 3128 875 3166 ac
909 3113 1178 3183 dialoyo,
1179 3113 1265 3179 ,de
1300 3117 1548 3168 oratore‘
1586 3114 1701 3185 (M).
1785 3115 1821 3168 l.
1861 3114 1947 3185 [in
1982 3116 2033 3169 d.
2074 3132 2152 3169 ac

222 3182 416 3378 &2⁶²⁶
459 3198 538 3236 or.
583 3183 852 3252 Mai-tyni-
855 3182 1018 3254 Lag„
1057 3184 1119 3237 B.
1194 3184 1363 3239 libros
1412 3184 1521 3256 [in]
1568 3186 1620 3239 d.
1668 3200 1735 3239 ac
1776 3186 1829 3240 d.
1876 3186 1978 3252 „de
2021 3191 2124 3240 or!

416 3282 484 3293 —
531 3258 690 3322 atque
725 3270 931 3308 omnem
968 3226 1101 3324 (W).
1176 3255 1247 3309 ab
1284 3271 1489 3309 omnem
1532 3255 1648 3309 Ml.
1722 3260 1854 3310 eto.
1891 3256 2036 3323 Ma,
2076 3257 2141 3312 Β.

449 3324 625 3393 quia.
718 3325 1046 3379 .nominare
1073 3326 1104 3359 ’¹‘
1122 3328 1187 3391 *;
1223 3342 1355 3395 quos
1384 3326 1515 3393 (W).
1570 3328 1679 3391 sed,
1708 3328 1883 3395 quia.
1937 3342 2143 3394 dcem„

223 3394 383 3447 nolui
418 3340 530 3462 (vel
554 3364 731 3463 νεῖαι)
759 3395 1057 3463 divulyavi,
1092 3411 1230 3465 quos
1263 3396 1357 3451 vel
1389 3396 1569 3451 simile
1599 3368 1815 3466 aliquid
1845 3368 1977 3467 (W).
2046 3400 2156 3454 sect

227 3462 461 3535 [quicq.
519 3481 648 3532 .n.;
683 3480 816 3534 quos
852 3464 1039 3534 Gron,
1075 3466 1139 3521 B.
