2338 3691
215 119 299 184 62
306 120 343 184 8
779 118 854 173 Μ.
874 118 1141 182 ,ΤΠΒΒΙΙ
1179 119 1559 175 CICERONIS

214 287 434 348 causa,
497 266 760 348 propter
815 265 949 328 eius
1004 265 1267 329 luctum.
1366 264 1458 330 Te
1514 287 1625 330 oro
1683 266 1881 330 etiam
1934 270 2127 351 atque

213 355 434 437 etiam,
479 353 568 416 mi
611 352 840 436 frater,
885 356 960 417 ut
1004 353 1237 417 valeas,

1122 545 1205 611 ΙΙ.

353 659 468 713 Ser.
516 659 727 713 Romae
774 675 824 712 a.
871 658 923 711 d.
970 657 1038 712 V.
1085 659 1216 713 Idus
1264 659 1532 715 Octobres
1578 676 1629 714 a.
1676 677 1729 713 u.
1768 676 1814 714 c.
1863 666 1983 714 700.

425 782 758 837 MARCUS
799 781 1111 854 QUINTO
1139 780 1464 835 FRATRI
1496 782 1910 837 SALUTEM.

158 902 179 942 1
342 881 420 947 A.
469 882 529 946 d.
576 900 666 947 vl.
747 882 901 947 Idus
949 881 1206 948 Octobr.
1264 880 1516 947 Salvius
1571 881 1821 947 Ostiam
1874 883 2122 966 vesperi

209 972 361 1035 navi
407 970 734 1055 profectus
782 974 921 1036 erat
966 993 1111 1037 cum
1156 971 1235 1034 iis
1281 970 1472 1035 rebus
1482 1021 1499 1054 ‚
1558 993 1719 1054 quas
1764 971 1885 1035 tibi
1932 971 2124 1036 domo

209 1060 382 1123 mitti
427 1060 740 1125 volueras.
830 1059 1080 1125 Eodem
1134 1059 1236 1123 die
1283 1056 1629 1124 Gabinium
1684 1060 1765 1123 ad
1811 1060 2121 1144 populum

208 1148 532 1213 luculente
580 1149 959 1213 calefecerat
1003 1147 1344 1212 Memmius
1392 1149 1508 1232 sic,
1562 1150 1638 1212 ut
1692 1146 1938 1213 Calidio
1985 1169 2121 1212 ver-

207 1236 364 1302 bum
417 1237 627 1302 facere
683 1260 799 1320 pro
859 1259 932 1302 eo
989 1258 1125 1302 non
1177 1236 1444 1301 licuerit.
1533 1234 1851 1301 Postridie
1907 1239 2123 1301 autem

209 1326 345 1390 eius
393 1326 536 1409 diei,
582 1325 690 1410 qui
737 1330 876 1390 erat
919 1328 1059 1390 tum
1103 1325 1361 1389 futurus
1371 1376 1388 1409 ,
1442 1347 1641 1408 quum
1684 1325 1846 1389 haec
1891 1324 2121 1389 scribe-

212 1414 362 1477 bam
409 1418 559 1479 ante
616 1414 852 1498 lucem,
907 1414 1077 1497 apud
1124 1410 1437 1478 Catonem
1492 1416 1632 1477 erat
1687 1413 1999 1478 divinatio
2054 1413 2122 1477 in

207 1501 556 1568 Gabinium
599 1503 818 1567 futura
872 1503 1042 1566 inter
1095 1501 1472 1566 Memmium
1525 1505 1591 1566 et
1636 1500 1731 1566 Ti.
1796 1500 2121 1567 Neronem

209 1594 274 1654 et
328 1588 397 1655 C.
453 1596 518 1656 et
570 1590 641 1655 L.
696 1590 1019 1657 Antonios
1075 1589 1162 1654 M.
1218 1590 1288 1654 f.:
1360 1591 1749 1675 putabamus
1813 1590 1984 1675 fore,
2048 1594 2120 1654 ut

206 1677 511 1744 Memmio
561 1680 836 1764 daretur,
884 1681 1004 1744 etsi
1051 1681 1190 1743 erat
1235 1676 1515 1743 Neronis
1560 1679 1726 1742 mira
1771 1679 2118 1743 contentio.

209 1766 376 1842 Quid
413 1768 710 1853 quaeris?
755 1769 956 1854 probe
993 1767 1325 1853 premitur,
1361 1768 1488 1831 nisi
1528 1770 1750 1831 noster
1776 1766 2119 1852 Pompeius

155 1878 180 1916 2
210 1857 306 1920 dis
360 1857 856 1940 hominibusque
919 1857 1140 1921 invitis
1205 1857 1538 1941 negotium
1593 1858 1911 1921 everterit.
2003 1855 2118 1921 Co·

208 1965 446 2029 gnosce
509 1967 682 2009 nunc
745 1945 1026 2010 hominis
1091 1945 1424 2009 audaciam
1489 1947 1555 2008 et
1617 1944 1861 2028 aliquid
1925 1946 1994 2009 in
2054 1967 2119 2009 re

205 2032 463 2117 publica
507 2034 759 2117 perdita
807 2033 1146 2098 delectare:
1201 2055 1397 2117 quum
1443 2031 1773 2116 GabiniuS‚
1819 2054 2119 2117 quacum-

206 2143 329 2204 que
375 2121 693 2206 veniebat,
736 2122 1135 2206 triumphum
1184 2143 1250 2185 se
1290 2122 1616 2205 postulare
1665 2121 1931 2186 dixisset
1976 2122 2123 2186 sub-

205 2211 424 2295 itoque
469 2210 680 2276 bonus
725 2210 1076 2295 imperator
1120 2214 1319 2287 noctu
1363 2212 1434 2273 in
1478 2210 1701 2274 urbem
1748 2211 1789 2288 †
1834 2210 2124 2275 hostium

204 2299 398 2382 plane
451 2299 819 2383 invasisset,
872 2300 943 2363 in
998 2303 1294 2363 senatum
1350 2319 1416 2362 se
1470 2320 1606 2363 non
1660 2299 2122 2363 committebat.

206 2385 475 2451 Interim
519 2388 661 2472 ipso
707 2387 953 2452 decimo
1001 2386 1120 2470 die,
1166 2408 1293 2470 quo
1341 2408 1487 2451 eum
1534 2386 1874 2471 oportebat
1918 2387 1962 2466 †
2005 2387 2122 2452 ho·

207 2475 474 2539 stiarum
538 2497 877 2540 numerum
941 2480 1006 2540 et
1067 2476 1345 2539 militum
1406 2476 1802 2559 renuntiare,
1860 2476 2125 2559 irrepsit

205 2585 455 2627 summa
498 2563 948 2648 infrequentia.
1041 2562 1252 2638 Quum
1305 2564 1501 2628 vellet
1554 2564 1750 2647 exire,
1805 2585 1845 2627 a
1890 2584 2121 2628 consu-

203 2652 370 2717 libus
416 2656 704 2717 retentus
751 2656 864 2735 est,
909 2652 1260 2717 introducti
1294 2651 1648 2736 publicani:
1692 2651 1887 2717 homo
1933 2652 2120 2716 undi-

205 2761 328 2824 que
374 2741 417 2820 †
463 2742 631 2806 atius
695 2745 761 2805 et
815 2763 1012 2824 quum
1067 2762 1106 2804 a
1151 2762 1254 2805 me
1318 2741 1592 2804 maxime
1655 2742 2122 2823 vulneraretur,

346 2969 447 3038 Ep.
489 2976 537 3036 2,
577 2976 625 3024 2.
699 2970 885 3024 urbem
919 2973 956 3036 †
991 2970 1224 3023 hostium
1263 2971 1434 3038 plane
1479 2971 1587 3024 inv.
1643 2969 1790 3035 (W.).
1865 2986 1917 3022 u.
1956 2970 2119 3024 hosti·

203 3041 304 3095 lem
341 3042 423 3108 pl.
471 3043 531 3094 in
580 3040 795 3095 modum
844 3041 955 3096 inv.
1009 3040 1155 3108 (W.).
1248 3057 1321 3106 u.‚
1357 3041 1588 3094 hostium
1616 3040 1728 3108 pL,
1772 3041 1880 3094 inv.
1928 3039 2117 3106 MEL,

204 3112 391 3180 vulgo,
432 3142 497 3150 -
545 3115 582 3176 †
617 3111 916 3165 hostiarum
951 3127 1236 3165 numermn
1282 3111 1402 3177 (M.‚
1440 3111 1568 3179 W.).
1652 3111 1888 3164 hostium
1923 3112 2117 3165 occiso·

202 3196 325 3232 rum
363 3198 416 3234 n.
456 3181 545 3235 vel
582 3182 632 3237 Ιι.
673 3197 949 3236 caesorum
984 3199 1038 3235 n.
1080 3181 1229 3249 (W.).
1304 3182 1537 3236 hostium
1572 3198 1626 3235 n.
1664 3180 1784 3247 RI„
1822 3181 2008 3251 vulgo,
2050 3212 2115 3220 —

203 3249 511 3314 frequentia
540 3252 644 3317 (cd.
675 3251 910 3320 Land.)?
941 3283 1003 3291 —
1044 3252 1287 3321 undique
1313 3256 1350 3317 †
1379 3254 1528 3306 atius
1553 3256 1602 3305 et
1629 3264 1793 3319 'quum
1825 3251 1964 3320 (M1,
1986 3251 2112 3318 W.).

202 3333 255 3366 u.
297 3333 348 3368 a.
387 3319 499 3372 tuis
534 3325 583 3374 et
619 3337 740 3375 cum
777 3322 895 3388 Ma,
934 3323 976 3375 1.
1050 3338 1172 3376 eum
1208 3339 1262 3377 u.
1302 3341 1338 3377 a
1375 3325 1486 3377 tuis
1514 3327 1703 3377 ettam
1730 3322 1795 3377 R.
1868 3340 1921 3376 u.
1961 3328 2116 3377 actus

203 3389 252 3434 et
287 3400 453 3450 quum
492 3388 601 3455 (V.)
641 3394 740 3444 aut
776 3409 829 3446 u.
870 3394 1183 3460 escaqz‘tatus
1218 3395 1329 3462 (vel
1367 3411 1418 3449 u.
1460 3395 1741 3463 ayitatus),
1777 3410 1939 3463 quum
1981 3393 2113 3460 (W.)

205 3456 304 3504 aut
338 3468 391 3505 u.
432 3461 601 3523 actae,
638 3476 799 3526 quum
842 3463 1027 3530 (Man.,
1067 3463 1167 3528 Β.).

151 3566 201 3594 Ι..
