2338 3691
211 127 340 192 636
775 127 853 184 Μ.
891 125 1138 183 TULLII
1174 126 1559 182 CICERONIS

211 274 557 359 cogita-ndo
614 273 869 358 quidem
925 294 1309 357 consequor,
1370 276 1472 357 tu,
1536 273 1646 356 qui
1711 294 1937 338 omnes
2001 273 2124 337 isto

211 362 552 447 eloquendi
615 365 681 426 et
742 361 1139 445 exprimendi
1204 381 1439 446 genere
1504 362 1849 446 superasti,
1921 382 1964 425 a
2024 382 2124 425 me

210 450 422 535 petis?
472 448 779 514 Facerem
814 455 1053 529 tamen,
1099 452 1175 515 ut
1212 471 1488 533 possem,
1525 449 1656 533 sed,
1701 449 1875 534 quod
1908 453 1977 514 te
2011 449 2124 513 mi·

211 539 384 602 nime
428 538 625 623 fugit,
672 560 833 623 opus
880 542 980 603 est
1023 537 1105 602 ad
1150 542 1383 622 potima
1428 537 1705 622 quadam
1753 538 1955 602 animi
2000 538 2124 601 ala·

213 627 456 709 oritate,
501 647 696 710 quam
730 627 923 711 plane
960 626 1119 690 mihi
1154 630 1448 728 tempora
1486 626 1783 710 eripiunt.
1856 625 2125 690 Abduco

211 736 313 779 me
379 714 675 798 equidem
737 716 818 779 ab
885 715 1061 780 omni
1123 715 1217 778 rei
1269 715 1563 798 publicae
1629 735 1784 780 cura
1839 714 2125 798 dedoque

211 803 474 885 litteris,
539 804 649 867 sed
712 806 933 868 tamen
993 802 1294 868 indicabo
1341 803 1485 886 tibi,
1540 803 1712 887 quod
1766 802 2126 867 mehercule

212 892 283 955 in
335 892 560 975 primis
613 895 678 956 te
735 892 1010 956 celatum
1065 891 1388 956 volebam:
1453 911 1688 976 angor,
1740 892 1830 955 mi
1887 892 2126 956 suavis·

214 980 372 1045 sime
416 980 636 1065 frater,
679 1001 888 1066 angor
928 980 1177 1045 nullam
1215 1001 1354 1044 esse
1389 1001 1527 1044 rem
1561 979 1906 1064 publicam,
1948 981 2130 1045 nulla.

212 1068 475 1153 iudicia,
536 1072 958 1154 nostrumque
1020 1069 1145 1133 hoc
1208 1072 1463 1152 tempus
1520 1068 1777 1153 aetatis,
1832 1068 2008 1153 quod
2059 1068 2129 1132 in

214 1156 328 1221 illa
364 1158 746 1223 auctoritate
785 1157 1108 1222 senatoria
1142 1156 1371 1221 florere
1409 1157 1701 1240 debebat,
1736 1160 1851 1222 aut
1885 1157 2128 1222 forensi

214 1245 435 1311 labore
470 1247 696 1310 iactari
733 1249 847 1311 aut
882 1245 1250 1311 domesticis
1285 1245 1518 1310 litteris
1556 1246 1925 1331 sustentari,
1969 1245 2128 1310 illud

215 1355 396 1417 νει-ο,
442 1335 614 1418 quod
660 1356 700 1398 a
743 1356 943 1419 puero
991 1333 1388 1417 adamatam,

303 1462 556 1531 πολλὸν
585 1459 958 1550 ἀριστεύειν
985 1462 1095 1530 καὶ
1123 1460 1485 1550 ὑπείροχον
1513 1466 1787 1550 ἔμμεναι
1815 1460 2061 1549 ἄλλων,

149 1625 153 1628 ’
215 1600 428 1663 totum
474 1599 806 1683 occidisse,
858 1598 1152 1665 inimicos
1209 1620 1249 1665 a
1293 1620 1395 1665 me
1448 1599 1685 1684 partim
1738 1620 1875 1664 non
1930 1620 2125 1684 oppu-

218 1691 480 1771 gnatos,
552 1688 791 1772 partim
855 1687 1049 1752 etiam
1114 1708 1253 1752 esse
1318 1687 1644 1772 defensos»,
1715 1709 1933 1752 meum
1997 1709 2128 1752 non

217 1776 409 1840 modo
457 1776 762 1860 animum,
808 1775 920 1840 sed
964 1796 1046 1840 ne
1094 1775 1313 1841 odium
1360 1777 1616 1861 quidem
1664 1797 1801 1840 esse
1838 1775 2128 1859 liberum,

218 1885 544 1948 unumque
592 1887 670 1929 ex
715 1865 1014 1930 omnibus
1057 1862 1398 1930 Caesarem
1443 1886 1581 1930 esse
1618 1867 1974 1950 inventum,
2023 1865 2128 1949 qui

217 1972 320 2015 me
355 1955 630 2036 tantum,
667 1956 981 2037 quantum
1019 1974 1139 2038 ego
1178 1954 1425 2036 vellem,
1470 1958 1733 2038 amaret,
1767 1957 1881 2018 aut
1918 1953 2130 2037 etiam,

219 2039 386 2105 sicut
429 2040 541 2104 alii
584 2043 846 2124 putant,
897 2041 1071 2125 hunc
1116 2063 1319 2106 unum
1365 2064 1529 2126 esse,
1575 2043 1686 2126 qui
1730 2042 1909 2107 velit:
1976 2063 2127 2126 quo·

218 2149 361 2192 rum
422 2131 644 2193 tamen
705 2129 872 2194 nihil
933 2133 1034 2195 est
1097 2130 1436 2214 eiusmodi,
1506 2134 1583 2195 ut
1644 2151 1765 2216 ego
1829 2152 1933 2196 me
1996 2152 2128 2195 non

218 2217 422 2281 multa
477 2218 918 2284 consolatione
983 2219 1270 2320 quotidie
1332 2219 1595 2302 leniam3
1659 2220 1769 2284 sed
1832 2219 1948 2283 illa
2010 2219 2131 2284 erit

220 2306 577 2371 consolatio
624 2307 920 2389 maxima,
967 2308 1022 2371 si
1055 2328 1190 2371 una
1230 2308 1488 2371 erimus:
1535 2328 1709 2373 nunc
1754 2307 1837 2371 ad
1879 2307 1993 2372 illa
2029 2308 2129 2370 vel

166 2413 192 2453 5
220 2394 672 2478 gravissimum
725 2394 970 2460 accedit
1024 2395 1408 2460 desiderium
1464 2396 1577 2460 tui.
1667 2394 2015 2460 Gabinium
2060 2396 2130 2479 si,

218 2484 294 2545 ut
343 2480 560 2547 Pansa
610 2485 802 2567 putat
855 2484 1243 2568 oportuisse,
1302 2483 1758 2569 defendissem,
1821 2483 2128 2549 concidis·

221 2590 381 2654 sem3
428 2571 538 2654 qui
583 2571 767 2636 illum
813 2571 1090 2636 oderunt
1130 2607 1221 2620 --
1264 2571 1312 2636 ii
1358 2576 1512 2637 sunt
1554 2573 1680 2638 toti
1724 2572 1982 2637 ordines
2028 2609 2130 2656 —‚

218 2663 484 2743 propter
530 2681 720 2744 quem
767 2659 1059 2744 oderunt,
1102 2682 1205 2725 me
1250 2659 1465 2744 ipsum
1503 2661 1712 2726 odisse
1749 2661 2129 2745 coepissent.

221 2747 428 2813 Tenui
481 2770 612 2831 me,
673 2751 750 2812 ut
791 2751 980 2832 puto,
1043 2748 1329 2834 egregie,
1390 2751 1648 2814 tantum
1709 2752 1785 2813 ut
1837 2749 2131 2833 facerem,

221 2840 534 2920 quantum
590 2856 823 2911 omnes
866 2836 1192 2920 viderunt3
1255 2839 1322 2901 et
1371 2837 1444 2901 in
1497 2838 1673 2904 omni
1728 2859 2007 2923 summa,
2060 2841 2132 2902 ut

167 2939 194 2979 6
221 2947 462 3010 moneS,
505 2925 690 2989 valde
735 2946 838 2989 me
884 2925 965 2988 ad
1013 2925 1218 2989 otium
1252 2945 1603 3010 pacemque
1638 2930 1962 2992 converto.
2033 2925 2130 2990 De

218 3013 419 3098 libris,
465 3012 794 3098 Tyrannio
842 3016 941 3077 est
985 3016 1295 3096 cessator3
1341 3010 1701 3098 Chrysippo
1749 3013 1976 3099 dicam,
2022 3013 2130 3078 sed

218 3104 321 3167 res
385 3122 658 3187 operosa
728 3104 829 3166 est
899 3103 966 3166 et
1025 3100 1308 3167 hominis
1378 3102 1847 3187 perdiligentis:
1921 3103 2129 3167 sentio

358 3324 462 3404 Ep.
502 3332 534 3379 ὅ
572 3329 631 3381 et
668 3334 716 3394 6,
755 3334 804 3382 4.
878 3322 1181 3397 ὑπείροχον
1220 3328 1359 3397 (BL,
1386 3329 1595 3400 vulgo).
1669 3323 1967 3398 ὑπείροχος
2001 3328 2127 3383 ΜΒ.

217 3394 420 3458 —qui
445 3396 574 3447 velit
602 3396 747 3465 (W.).
822 3399 921 3466 qui
944 3399 1098 3454 vellet
1123 3399 1313 3468 MRL,
1340 3399 1529 3471 vulgo,
1604 3405 1651 3454 5.
1706 3400 1965 3455 viderunt
1984 3399 2128 3468 (Wu)

216 3457 461 3515 viderent
493 3463 680 3532 MRL,
717 3466 907 3537 vulgO.

87 3578 189 3630 h.
