2338 3691
224 162 358 228 496
790 162 864 214 Μ.
905 159 1150 215 TULLII
1189 159 1569 215 CICERONIS
1649 168 1654 175 “

1110 409 1257 474 ΧΧ.

431 522 546 579 Scr.
591 524 661 578 de
696 521 982 577 Venusino
1020 522 1143 577 Kal.
1186 521 1522 579 Octobribus
1558 537 1610 576 a.
1647 540 1700 578 u.
1740 539 1785 578 c.
1825 527 1947 578 707.

573 646 882 702 TULLIUS
922 647 977 702 S.
1013 646 1078 701 D.
1118 646 1540 702 TERENTIAE
1580 646 1787 703 SUAE.

357 745 439 812 In
485 746 921 813 Tusculanum
966 768 1087 813 nos
1131 751 1438 812 venturos
1491 750 1795 832 putamus
1850 751 1964 811 aut
2009 746 2078 813 N
2080 770 2153 814 o·

228 836 332 901 nis
360 839 475 902 aut
508 835 843 921 postridie:
890 835 981 899 ibi
1017 839 1093 900 ut
1128 836 1262 899 sint
1298 836 1518 901 omnia
1552 839 1782 919 parata
1809 870 1893 884 --
1922 837 2151 920 plures

226 924 400 989 enim
442 925 718 991 fortasse
762 925 1100 990 nobiscum
1155 926 1346 988 erunt
1390 927 1482 1007 et,
1525 927 1602 989 ut
1645 924 1950 1008 arbitror,
2004 925 2151 991 diu-

225 1013 356 1078 tius
417 1012 512 1077 ibi
572 1012 1110 1079 commorabimur
1154 1035 1267 1094 —3
1328 1012 1584 1077 labrum
1647 1013 1704 1077 si
1756 1013 1828 1078 in
1883 1013 2147 1079 balineo

225 1122 363 1167 non
409 1105 526 1185 est,
569 1104 645 1167 ut
689 1102 800 1184 sit,
844 1101 1001 1166 item
1055 1104 1295 1182 cetera,
1350 1122 1513 1185 quae
1561 1105 1715 1166 sunt
1768 1101 1850 1166 ad
1897 1102 2150 1169 victum

226 1193 294 1254 et
354 1190 436 1256 ad
498 1190 933 1256 valetudinem
994 1189 1373 1255 necessaria.
1463 1188 1645 1255 Vale.
1729 1188 1812 1255 K.
1865 1188 2001 1254 Oct.
2064 1191 2146 1256 de

226 1277 580 1346 Venusino.

1090 1471 1268 1538 XXI.

769 1584 882 1640 Scr.
922 1602 993 1637 m.
1031 1583 1161 1639 Dec.
1202 1602 1252 1638 a.
1291 1602 1344 1639 u.
1386 1601 1431 1639 c.
1473 1590 1591 1639 706.

581 1708 891 1764 TULLIUS
931 1707 1356 1763 TERENTIAE
1397 1707 1583 1763 SUAE
1623 1706 1676 1762 S.
1715 1706 1782 1763 D.

358 1806 420 1874 S.
447 1831 506 1874 v.
533 1808 594 1874 b.
623 1830 676 1874 e.
704 1831 756 1874 e.
783 1831 842 1874 v.
913 1808 1017 1874 Da
1051 1830 1334 1893 operam,
1370 1811 1445 1873 ut
1481 1808 1918 1891 convalescas3
1965 1809 2140 1893 quod

226 1918 389 1981 opus
435 1897 575 1980 erit,
617 1901 691 1961 ut
734 1919 837 1962 res
881 1900 1261 1982 tempusque
1305 1898 1614 1982 postulat,
1656 1896 1995 1982 provideas
2043 1903 2138 1962 at-

226 2006 348 2069 que
394 1985 803 2051 administres
849 1989 915 2050 et
959 1985 1040 2050 ad
1085 2007 1188 2050 me
1235 1985 1312 2050 de
1360 1986 1659 2051 omnibus
1702 1985 1895 2051 rebus
1941 2008 2138 2070 quam

225 2073 595 2158 saepissime
640 2074 890 2138 litteras
932 2074 1173 2139 mittas,
1263 2073 1445 2139 Vale.

1072 2267 1285 2333 XXII.

359 2379 475 2435 Scr.
514 2380 799 2435 Brundisii
832 2380 1103 2436 Kalendis
1141 2380 1563 2450 Septembribus
1602 2396 1650 2433 a.
1691 2398 1745 2434 u.
1784 2396 1833 2436 c.
1872 2386 1992 2436 707.

570 2490 878 2561 TULLIUS
916 2503 971 2560 s.
1008 2503 1073 2558 D.
1112 2503 1535 2559 TERENTIAE
1574 2503 1778 2560 SUAE.

357 2600 421 2669 S.
447 2625 507 2669 v.
533 2604 595 2668 b.
624 2625 676 2668 e.
705 2625 757 2669 e.
792 2627 852 2669 v.
940 2602 1078 2670 Nos
1125 2604 1411 2687 quotidie
1455 2604 1830 2669 tabellarios
1873 2608 2133 2671 nostros

224 2696 695 2777 exspectamus,
751 2692 861 2777 qui
914 2692 969 2756 si
1014 2693 1335 2776 venerint,
1388 2693 1666 2758 fortasse
1719 2692 1956 2758 erimus
2001 2715 2132 2758 cer-

221 2781 420 2846 tiores
430 2832 448 2864 ‚
511 2780 664 2865 quid
722 2780 912 2846 nobis
973 2780 1342 2845 faciendum
1405 2781 1516 2860 sit,
1578 2781 2012 2867 faciemusque
2064 2785 2132 2846 te

224 2869 444 2933 statim
472 2870 824 2934 certiorem.
895 2867 1353 2934 Valetudinem
1379 2872 1562 2935 tuam
1592 2890 1745 2935 cura
1773 2868 2130 2955 diligenter.

222 2955 405 3022 Vale.
476 2956 557 3022 Κ.
602 2955 925 3041 Septemb.

364 3181 468 3250 Ep.
507 3188 590 3237 20.
638 3185 935 3252 postridie:
970 3182 1052 3239 ibi
1199 3191 1411 3254 parata
1447 3216 1513 3226 —
1542 3186 1626 3255 pl.
1657 3226 1670 3241 .
1693 3226 1706 3239 .
1731 3228 1743 3240 .
1772 3201 2131 3249 common—‚-

226 3251 258 3301 l.
408 3255 447 3317 ).
516 3270 572 3320 p.
620 3254 721 3309 Ibi
750 3297 797 3309 ..
821 3297 833 3308 .
859 3271 1024 3324 pam
1049 3256 1133 3323 pl.
1174 3297 1187 3309 .
1210 3296 1222 3309 .
1260 3272 1507 3312 commor.
1553 3256 1621 3311 L.
1657 3257 1847 3328 vulgo.
1920 3256 2129 3326 Ep.21.

225 3335 268 3441 Ξ.
306 3336 346 3371 e.
386 3321 535 3387 (W.).
617 3340 658 3378 e.
697 3324 826 3379 ΜΒ.
889 3326 1199 3395 postulabit
1245 3327 1415 3396 (W.)?
1508 3326 1610 3398 Ep.
1650 3332 1735 3381 22.
1808 3343 1855 3383 ο.
1888 3343 1932 3382 ο.
1978 3325 2126 3394 (W.).
