2338 3691
686 101 1206 158 EPISTOLARUM
1240 102 1338 157 ΙΙΙ.
1379 108 1427 157 6.
1469 108 1515 156 7.
1984 100 2063 164 71

170 247 508 331 iniquitatis
552 268 659 311 me
706 247 1007 330 scribere,
1038 268 1135 325 ⁴ne
1181 247 1497 331 facerent,
1551 248 1900 330 antequam
1946 266 2067 331 ego

176 357 294 399 rem
336 357 724 420 causamque
771 334 1198 420 cognossem?
1287 334 1442 400 Non
1486 337 1805 418 poteram,
1862 335 2069 419 credo,

180 427 309 488 ante
333 424 640 508 hiemem3
686 424 776 488 sic
804 424 977 488 enim
1004 423 1256 489 scribis:
1305 423 1488 507 quasi
1522 444 1674 488 vero
1712 423 1794 488 ad
1832 443 2069 508 003110-

183 512 465 577 scendum
521 533 644 598 ego
701 512 782 577 ad
834 512 1008 597 illos,
1061 533 1198 577 non
1249 512 1346 576 illi
1400 512 1481 576 ad
1534 533 1637 576 me
1690 512 1909 577 venire
1965 512 2070 576 de·

184 600 436 666 buerint.
508 600 709 685 „Tam
743 598 1030 686 longe?“
1073 601 1306 684 inquis.
1380 599 1589 676 Quid?
1636 622 1833 685 quum
1870 601 2070 666 dabas

184 689 253 752 iis
290 690 564 774 litteras,
617 711 732 774 per
778 711 937 773 quas
983 710 1235 753 mecum
1281 691 1545 775 agebas,
1590 710 1673 753 ne
1719 711 1828 755 eos
1871 691 2071 774 impe-

187 776 394 862 direm,
457 799 585 863 quo
640 778 853 842 minus
909 780 1061 842 ante
1113 778 1393 843 hiemem
1447 777 1883 863 aedificarent,
1936 800 2074 844 non

186 886 284 930 eos
327 866 405 930 ad
449 888 552 930 me
588 869 893 931 venturos
934 866 1373 931 arbitrabare?
1417 866 1679 932 tametsi
1711 867 1778 931 id
1816 867 2075 952 quidem

188 952 461 1020 fecerunt
503 955 795 1039 ridicule3
849 976 1009 1039 quas
1055 956 1229 1019 enim
1271 956 1521 1021 litteras
1577 954 1957 1041 afferebant,
2001 960 2075 1021 ut

191 1063 337 1126 opus
381 1046 622 1109 aestate
666 1043 876 1108 facere
912 1048 1199 1128 possent,
1244 1066 1351 1109 eas
1388 1044 1549 1109 mihi
1593 1047 1745 1129 post
1777 1045 2076 1111 brumam

188 1130 600 1197 reddiderunt.
699 1129 823 1197 Sed
878 1132 1039 1198 scito
1095 1136 1161 1197 et
1213 1133 1418 1198 multo
1472 1133 1690 1218 plures
1745 1155 1910 1218 esse,
1964 1134 2076 1219 qui

190 1218 260 1282 de
300 1220 552 1286 tributis
596 1224 919 1305 recusent,
973 1243 1166 1306 quam
1212 1222 1324 1306 qui
1368 1222 1538 1308 exigi
1581 1222 1811 1307 velint,
1864 1227 1930 1287 et
1973 1244 2076 1287 me

188 1310 409 1393 tamen,
453 1309 626 1394 quod
669 1312 736 1374 te
780 1310 944 1375 velle
982 1310 1354 1395 existimem,
1400 1333 1537 1376 esse
1573 1310 1915 1376 facturum.
1977 1310 2077 1375 De

189 1333 495 1481 Appianis
540 1398 872 1463 hactenus.
968 1397 1030 1464 A
1093 1398 1443 1482 Pausania,
1505 1398 1768 1464 Lentuli
1827 1399 2079 1485 liberto,
2114 1415 2149 1464 4

190 1505 442 1552 accenso
487 1508 660 1571 meo,
717 1486 957 1571 audivi,
1013 1509 1212 1571 quum
1266 1487 1506 1552 diceret
1555 1491 1621 1553 te
1677 1509 1895 1554 secum
1939 1509 2078 1554 esse

191 1578 486 1660 questum,
532 1574 705 1660 quod
748 1575 870 1640 tibi
898 1538 1152 1641 obviam
1198 1599 1334 1642 non
1375 1576 1750 1662 prodissem.
1824 1575 2081 1643 Scilicet

189 1664 530 1749 contempsi
573 1666 668 1749 te,
713 1685 832 1729 nec
876 1668 1092 1748 potest
1133 1665 1274 1730 fieri
1318 1687 1421 1730 me
1468 1665 1816 1752 quidquam
1863 1688 2080 1752 super·

191 1749 346 1816 bins!
400 1774 599 1856 quum
651 1774 810 1837 puer
862 1756 1013 1818 tuus
1068 1754 1150 1818 ad
1204 1775 1307 1819 me
1354 1754 1635 1820 secunda
1677 1754 1812 1820 fere
1857 1755 2082 1841 vigilia

191 1840 455 1906 venisset
497 1842 680 1926 isque
725 1847 789 1907 te
846 1845 997 1907 ante
1050 1843 1261 1908 lucem
1303 1842 1598 1909 Iconium
1652 1842 1813 1908 mihi
1855 1849 2079 1910 1611111·

189 1949 320 1993 rum
355 1930 736 2015 nuntiasset,
778 1931 1241 2017 incertumque,
1276 1935 1423 1997 utra
1458 1932 1581 2016 via,
1627 1954 1825 2017 quum
1866 1935 2084 1998 essent

190 2016 359 2103 duae,
403 2020 608 2084 altera
634 2020 670 2059 ’⁸⁵
698 2017 1078 2103 Varronem,
1120 2024 1308 2085 tuum
1350 2020 1948 2106 familiarissimum,
1993 2022 2083 2087 al-

190 2108 317 2170 tera
351 2106 422 2183 Q.
460 2107 750 2210 Leptam,
793 2108 1190 2193 praefectum
1234 2108 1493 2174 fabrum
1530 2131 1763 2194 meum,
1806 2111 1927 2175 tibi
1973 2109 2082 2176 ob·

193 2194 349 2259 viam
400 2197 564 2261 misi.
672 2196 980 2262 Mandavi
1034 2198 1289 2282 utrique
1355 2219 1603 2284 eorum,
1666 2202 1741 2263 ut
1794 2201 1946 2264 ante
2002 2198 2085 2263 ad

193 2304 283 2347 me
324 2286 365 2364 †
384 2290 819 2370 excurrerent,
883 2290 957 2350 ut
1009 2286 1131 2351 tibi
1185 2286 1441 2352 obviam
1493 2286 1751 2371 prodire
1803 2309 2084 2372 possem.

195 2391 437 2438 currens
467 2372 675 2458 Lepta
711 2375 889 2439 venit
923 2374 1208 2460 mihique
1244 2375 1571 2441 nuntiavit
1603 2379 1669 2441 te
1708 2376 1840 2440 iam
1875 2379 2087 2441 castra

196 2465 727 2559 praetergressum
753 2484 919 2547 esse3
967 2463 1308 2528 confestim
1334 2463 1630 2530 Iconium
1655 2464 1830 2549 veni3
1875 2467 2088 2530 cetera

196 2547 311 2613 iam
351 2551 472 2616 tibi
517 2554 678 2616 nota
723 2554 891 2616 sunt.
971 2551 1081 2616 An
1127 2573 1249 2638 ego
1293 2553 1415 2619 tibi
1461 2552 1718 2619 obviam
1762 2575 1897 2619 non
1941 2576 2088 2638 pro·

196 2635 399 2723 direm,
427 2639 707 2723 primum
726 2639 848 2725 Ap.
869 2637 1157 2725 Claudio,
1186 2640 1415 2706 deinde
1441 2642 1833 2726 imperatori,
1860 2641 2088 2706 deinde

195 2746 356 2792 more
401 2727 738 2813 maiorum,
784 2728 1031 2813 deinde,
1076 2729 1250 2814 quod
1295 2734 1489 2814 caput
1526 2733 1641 2814 est,
1688 2728 1938 2795 amico?
1982 2731 2091 2811 qui

194 2813 256 2879 in
294 2816 418 2882 isto
475 2837 712 2902 genere
765 2818 970 2882 multo
1027 2818 1223 2882 etiam
1268 2818 1670 2884 ambitiosius
1722 2818 1935 2883 facere
1989 2839 2089 2884 so-

171 2902 362 2990 leam,
409 2926 606 2989 quam
649 2904 861 2972 honos
904 2928 1084 2971 meus
1131 2909 1198 2972 et
1243 2906 1525 2993 dignitas
1569 2906 1876 2990 postulat.
1965 2904 2091 2972 Sed
2128 2919 2163 2968 5

196 2956 362 3058 haec
409 2993 752 3059 hactenus:
834 2994 993 3059 illud
1063 2994 1236 3059 idem
1306 2994 1630 3060 Pausania
1701 2993 1956 3059 dicebat
2024 2998 2090 3060 te

196 3078 440 3147 dixisse.
503 3081 740 3167 „quid‘P
804 3081 1056 3168 Appius
1109 3083 1415 3169 Lentulo,
1479 3082 1792 3148 Lentulus
1854 3084 2090 3169 Ampio

321 3308 427 3380 ΕΡ.
468 3315 596 3378 ’1,3.
679 3312 830 3378 illoc,
880 3312 1320 3381 acnon(W.)?
1419 3317 1468 3365 4.
1524 3311 1756 3366 altera*
1796 3311 2093 3364 Varronem

196 3377 332 3449 (Wu)
408 3397 458 3435 α.
501 3381 588 3435 M.
638 3380 800 3437 Varr.
840 3383 1009 3450 (W.)?
1082 3400 1134 3438 a.
1185 3382 1347 3436 Varr.
1385 3381 1478 3448 M„
1514 3381 1702 3450 vulgo.
1742 3381 2094 3442 —me†eae·

197 3455 462 3507 currerent
498 3451 608 3522 (W.
610 3454 648 3523 ).
720 3469 803 3508 me
840 3469 984 3510 eurr.
1025 3454 1158 3524 (W.)
1199 3453 1301 3507 aut
1334 3468 1414 3506 me
1448 3423 1879 3516 recurr.(E1-n.).
