2338 3691
690 149 1209 206 EPISTOLARUM
1247 151 1368 206 XII.
1408 158 1490 206 25.
1517 158 1614 206 26.
1973 151 2108 216 409

182 299 269 362 ut
309 296 404 362 ait
438 295 806 372 Terentius3
856 297 1290 382 quamobrem,
1324 297 1414 360 mi
1451 295 1705 382 Quinte,
1750 297 2109 363 conscende

186 385 550 470 nobiscum,
595 388 663 449 et
706 385 964 470 quidem
1000 384 1081 449 ad
1116 386 1412 471 puppim:
1456 408 1590 450 una
1623 385 1808 450 navis
1845 388 1944 450 est
1976 385 2108 450 iam

185 475 517 539 bonorum
572 475 888 559 omnium,
943 495 1136 559 quam
1192 474 1448 558 quidem
1500 495 1622 540 nos
1678 473 1904 539 damus
1959 496 2106 558 ope·

186 584 336 627 ram
390 565 467 628 ut
515 565 760 628 rectam
811 566 1172 647 teneamus3
1225 564 1477 629 utinam
1528 585 1834 649 prospero
1891 563 2107 628 cursu!

150 653 169 665 ⁹
189 651 337 736 sed,
393 651 774 737 quicumque
826 652 1005 717 venti
1060 655 1276 737 erunt,
1331 673 1435 716 ars
1487 655 1715 718 nostra
1759 655 1928 717 certe
1973 674 2111 717 non

189 740 431 824 aberit3
505 740 656 825 quid
720 741 893 805 enim
954 743 1282 826 praestare
1346 740 1520 806 aliud
1582 741 1787 806 virtus
1849 740 2108 826 potest?

191 828 299 893 Tu
342 828 449 893 fac
493 833 569 893 ut
619 850 858 915 magno
915 830 1130 894 animo
1188 829 1275 894 sis
1322 833 1388 895 et
1444 830 1692 894 excelso
1739 830 2110 915 cogitesque

193 917 877 1070 omnegibdignitatem
911 921 1093 984 tuam
1128 939 1275 983 cum
1309 939 1379 984 re
1414 918 1673 1004 publica
1699 919 2111 983 coniunctam

193 1027 338 1071 esse
428 1029 462 1070 e
509 1027 631 1071 ere.

653 1161 787 1232 (Scr.
825 1165 958 1235 post
991 1163 1058 1218 V.
1095 1163 1221 1218 Kal.
1258 1164 1390 1219 Mai.
1429 1181 1477 1219 a.
1518 1166 1658 1235 711.)

333 1271 403 1337 Ρ.
431 1271 774 1338 Lucceium
810 1271 970 1337 mihi
1005 1295 1220 1338 meum
1257 1268 1684 1357 commendas,
1729 1293 1939 1358 quem,
1974 1272 2108 1357 qui·
2146 1286 2184 1334 6

195 1361 596 1447 buscumque
621 1362 813 1426 rebus
840 1365 1087 1447 potero,
1131 1362 1474 1448 diligenter
1507 1360 1755 1427 tuebor.
1825 1360 2111 1427 Hirtium

198 1449 460 1533 quidem
524 1453 589 1515 et
632 1449 939 1534 Pansam,
1001 1451 1283 1537 collegas
1342 1452 1628 1534 nostros,
1685 1448 1979 1515 homines
2041 1451 2112 1514 in

200 1539 543 1603 consulatu
595 1539 691 1604 rei
743 1539 1039 1623 publicae
1092 1540 1434 1623 salutares,
1487 1538 1698 1604 alieno
1755 1560 1909 1603 sane
1952 1542 2111 1603 tem·

200 1647 359 1711 pore
395 1627 744 1712 amisimuS,
784 1650 856 1692 re
900 1628 1158 1712 publica
1202 1627 1580 1693 Antoniano
1625 1626 1882 1711 quidem
1917 1627 2135 1699 latro·,

204 1714 373 1779 cinio
408 1716 700 1801 liberata,
746 1716 859 1781 sed
897 1716 1187 1781 nondum
1233 1715 1494 1782 omnino
1532 1716 1873 1800 explicata3
1920 1737 2112 1800 quam

203 1823 353 1888 nos,
416 1804 471 1869 si
513 1804 759 1890 licebit,
820 1826 998 1870 more
1043 1808 1268 1872 nostro
1320 1805 1670 1890 tuebimur,
1724 1826 2113 1890 quamquam

202 1891 549 1958 admodum
586 1916 806 1959 sumus
850 1895 982 1959 iam
1023 1894 1383 1981 defetigati3
1428 1893 1540 1959 sed
1574 1895 1756 1960 nulla
1798 1893 2110 1959 lassitudo

203 1981 512 2065 impedire
585 1982 871 2048 officium
933 1985 1000 2047 et
1068 1982 1261 2048 fidem
1326 1983 1532 2048 debet.
1646 1982 1891 2048 Verum
1952 1982 2113 2047 haec
2151 1996 2183 2044 ’1

202 2069 542 2136 hactenus:
587 2070 671 2136 ab
716 2072 859 2136 aliis
901 2073 968 2135 te
1015 2071 1092 2136 de
1136 2094 1241 2136 me
1287 2094 1478 2157 quam
1523 2092 1564 2136 a
1605 2092 1709 2135 me
1753 2072 1894 2156 ipso
1941 2072 2112 2136 malo

205 2179 612 2244 cognoscere.
700 2159 800 2225 De
854 2163 919 2225 te
973 2160 1389 2226 audiebamus
1452 2180 1556 2245 ea,
1620 2181 1782 2244 quae
1838 2160 2114 2223 maxime

202 2247 531 2313 vellemus,
602 2247 701 2313 De
739 2246 854 2315 Cn.
888 2247 1194 2334 Minucio,
1238 2269 1428 2333 quem
1473 2250 1546 2313 tu
1584 2247 1968 2332 quibusdam
2010 2248 2114 2312 lit-

204 2334 361 2399 teris
405 2337 488 2401 ad
532 2338 781 2403 caelum
821 2337 1122 2403 laudibus
1158 2337 1459 2421 extulisti,
1501 2357 1791 2401 rumores
1828 2336 2116 2401 duriores

205 2426 416 2489 erant:
461 2424 528 2489 id
573 2426 760 2509 quale
808 2425 893 2491 sit
929 2425 1320 2510 omninoque
1356 2423 1509 2510 quid
1552 2425 1699 2490 istic
1745 2427 1978 2511 agatur
2019 2424 2115 2490 fa·

205 2512 340 2577 cias
383 2534 486 2578 me
530 2514 724 2580 velim
769 2514 1122 2579 certiorem.

1036 2708 1277 2775 XXVI.

307 2818 422 2875 Ser.
459 2837 649 2876 mense
686 2820 898 2877 incerto
928 2823 1078 2892 (post
1103 2821 1252 2875 XIII.
1290 2820 1414 2874 Kal.
1453 2821 1593 2891 Ian.)
1631 2835 1680 2875 a.
1718 2836 1772 2874 u.
1810 2834 1855 2874 c.
1897 2824 2015 2874 710.

650 2944 945 3002 CICERO
983 2944 1472 3001 CORNIFICIO
1507 2943 1675 3000 SAL.

342 3041 416 3120 Q.
461 3043 714 3130 Turius,
759 3046 868 3130 qui
912 3046 982 3110 in
1017 3044 1243 3111 Africa
1286 3046 1656 3131 negotiatus
1701 3046 1818 3129 est,
1861 3043 1960 3108 vir
2002 3043 2115 3108 bo·
2154 3055 2181 3104 1

205 3155 328 3199 nus
375 3136 443 3196 et
484 3132 797 3199 honestus
807 3186 824 3219 ,
866 3133 1132 3199 heredes
1178 3134 1334 3199 fecit
1378 3134 1614 3198 similes
1660 3132 1759 3198 sui
1841 3129 1956 3196 Cn.
2003 3129 2114 3197 Sa·

203 3221 561 3306 turninum‚
597 3220 738 3287 Sex.
775 3221 1122 3307 Aufidium,
1159 3221 1228 3287 O.
1256 3221 1599 3305 Anneium,
1640 3221 1712 3297 Q.
1741 3182 2116 3286 Considium

205 3309 481 3395 Gallum,
525 3310 598 3375 L.
644 3308 983 3377 Servilium
1026 3310 1423 3395 Postumum,
1468 3307 1537 3376 G.
1580 3308 1973 3374 Rubellium:
2038 3329 2115 3372 ex

345 3503 451 3575 Ep.
489 3510 575 3574 26,
616 3511 662 3560 1.
735 3504 1015 3560 Anneium
1051 3504 1288 3575 (vulgo).
1361 3502 1616 3558 Anneum
1651 3500 1779 3555 ΜΒ.
