2338 3691
633 100 1152 157 EPISTOLARUM
1189 102 1259 156 11.
1303 107 1526 157 13—15.
1957 102 2040 166 51

164 243 401 328 amabis,
454 267 656 329 quum
715 249 833 311 tua
893 269 1091 332 opera
1152 245 1394 312 Fadius
1457 247 1555 311 uti
1610 247 1804 312 volet.
1903 251 2042 331 Ego

163 351 245 396 res
289 331 607 400 Romanas
662 335 1075 400 vehementer
1137 338 1436 420 exspecto
1502 339 1569 400 et
1627 335 1917 401 desidero
1973 335 2046 400 in

162 421 498 507 primisque,
569 423 729 510 quid
800 445 986 510 agas,
1056 425 1220 489 scire
1292 424 1509 509 cupi03
1579 445 1734 489 nam
1800 423 2045 489 iamdiu

163 513 388 662 ffiopter
444 511 682 579 hiemis
744 513 1259 600 magnitudinem
1319 513 1486 578 nihil
1556 513 1712 579 novi
1774 513 1857 577 ad
1921 534 2043 579 nos

232 601 525 668 erebatur.

1008 795 1159 864 XV.

163 902 252 961 Scr.
275 906 332 962 in
349 907 547 965 Cilicia
570 908 806 964 ineunte
830 925 1022 964 mense
1051 909 1253 965 Sextili
1282 910 1395 978 (ΠΙ.
1419 909 1611 964 Nonas
1621 911 1669 981 2)
1698 925 1749 964 a.
1777 927 1832 964 u.
1854 926 1900 964 0.
1923 914 2042 965 704.

263 1033 330 1088 Μ,
366 1032 631 1090 010an
668 1033 815 1089 ΜΡ.
853 1032 908 1088 s.
945 1033 1012 1089 D.
1048 1034 1124 1090 M.
1163 1032 1425 1091 emmo
1461 1009 1713 1090 AEmm
1749 1033 1910 1090 orm.

263 1131 404 1200 Non
438 1134 667 1220 pobuit
701 1135 1061 1200 accuratius
1099 1136 1209 1221 agi
1245 1156 1366 1201 nec
1404 1136 1804 1220 prudentius,
1849 1156 2045 1220 quam
2082 1152 2110 1200 1

161 1223 238 1285 est
273 1227 478 1290 actum
533 1247 583 1290 a
639 1226 706 1289 te
760 1245 908 1289 cum
962 1222 1241 1291 Curione
1296 1224 1373 1290 de
1429 1225 1925 1309 supplicatione,
1979 1226 2046 1288 et

160 1307 381 1378 hercule
441 1312 749 1381 confecta
801 1334 904 1378 res
967 1335 1046 1379 ex
1109 1313 1432 1379 sententia
1486 1335 1631 1378 mea
1689 1317 1789 1378 est
1846 1334 2046 1396 quum

163 1400 465 1488 celeritate,
507 1407 659 1469 tum
702 1402 876 1488 quod
919 1402 994 1487 is,
1038 1403 1151 1488 qui
1196 1407 1337 1470 erat
1378 1403 1602 1486 iratus,
1661 1401 2046 1486 competitor

161 1489 281 1555 tuus
322 1495 385 1557 et
424 1493 606 1559 idem
649 1512 849 1577 meus,
884 1513 1186 1558 assensus
1232 1496 1332 1558 est
1368 1492 1446 1577 ei,
1491 1491 1603 1576 qui
1650 1490 1908 1557 ornavit
1941 1511 2045 1555 res

161 1582 380 1646 nostras
442 1580 686 1647 divinis
748 1580 1072 1646 laudibus:
1122 1599 1335 1666 ‘quare
1398 1581 1561 1646 scito
1624 1602 1727 1646 me
1788 1600 2043 1664 sperare

163 1686 244 1752 ea,
290 1691 444 1754 quae
491 1673 880 1753 sequuntur3
925 1671 1008 1734 ad
1053 1692 1218 1755 quae
1261 1673 1336 1735 tu
1380 1673 1447 1736 te
1494 1691 1672 1755 para.
1741 1668 2042 1735 Dolabel·
2080 1685 2112 1733 2

160 1754 268 1820 lam
321 1781 359 1823 a
418 1762 485 1825 te
555 1759 806 1844 gaudeo
868 1759 1150 1844 primum
1212 1759 1489 1844 laudari,
1559 1758 1786 1823 deinde
1850 1759 2046 1823 etiam

164 1848 354 1933 amari3
396 1871 559 1914 nam
595 1870 690 1933 ea,
735 1870 898 1933 quae
940 1870 1160 1933 speras
1198 1848 1447 1913 Tulliae
1484 1870 1665 1914 meae
1700 1848 2047 1932 prudentia

162 1935 471 2021 temperari
507 1959 720 2023 posse,
756 1938 888 2003 scio
927 1938 1031 2003 cui
1066 1941 1220 2003 tuae
1258 1938 1568 2023 epistolae
1595 1937 2045 2022 respondeant.

164 2019 315 2110 Quid,
356 2026 411 2092 si
455 2048 672 2092 meam
715 2027 914 2112 legas,
958 2048 1154 2111 quam
1198 2047 1321 2112 ego
1357 2030 1497 2092 tum
1535 2048 1613 2091 ex
1646 2027 1777 2090 tuis
1813 2026 2046 2091 litteris

161 2110 280 2178 misi
316 2115 396 2181 ad
431 2114 766 2201 Appium?
814 2115 926 2180 sed
965 2116 1120 2200 quid
1156 2114 1359 2202 agas?
1405 2115 1497 2180 sic
1532 2115 1786 2180 vivitur.
1860 2113 2047 2190 Quod

162 2203 346 2268 act-m
389 2207 516 2289 est,
563 2203 632 2268 di
675 2205 1063 2289 approbent:
1117 2226 1305 2289 spero
1350 2204 1490 2269 fore
1542 2203 1894 2269 iucundum
1940 2224 2046 2289 ge-

161 2308 358 2357 nerum
399 2293 624 2378 nobis,
667 2294 1068 2378 multumque
1112 2293 1185 2358 in
1229 2315 1305 2359 eo
1349 2295 1467 2358 tua
1508 2314 1630 2359 nos
1673 2292 2046 2357 humanitas

163 2378 481 2449 adiuvabit.
570 2381 702 2448 Res
752 2382 1014 2467 publica
1065 2404 1169 2447 me
1223 2381 1410 2448 valde
1466 2381 1795 2447 sollicitat:
1857 2381 2045 2447 faveo
2083 2397 2116 2446 3

163 2462 426 2555 Curioni,
473 2468 814 2537 Caesarem
857 2471 1204 2537 honestum
1250 2492 1388 2537 esse
1434 2471 1652 2555 cupio,
1694 2492 1814 2554 pro
1858 2469 2047 2536 Pom-

162 2558 284 2638 peio
327 2560 529 2627 emori
563 2582 854 2645 possum3
899 2561 1012 2626 sed
1045 2564 1268 2625 tamen
1302 2560 1448 2645 ipsa
1482 2582 1552 2624 re
1588 2559 1848 2644 publica
1882 2559 2050 2624 nihil

164 2646 301 2712 mihi
360 2653 462 2715 est
523 2650 733 2715 carius
742 2699 761 2733 ,
821 2649 893 2714 in
954 2672 1083 2734 qua
1142 2653 1218 2714 tu
1278 2671 1416 2714 non
1468 2649 1655 2714 valde
1707 2652 1773 2713 te
1828 2648 2051 2731 iactas,

166 2732 466 2803 districtus
520 2738 695 2803 enim
754 2737 916 2802 mihi
977 2738 1213 2803 videris
1267 2760 1434 2823 esse,
1498 2738 1670 2823 quod
1727 2740 1796 2802 et
1838 2736 2050 2801 bonus
2088 2744 2096 2752 '

168 2822 299 2889 civis
350 2829 417 2892 et
471 2828 683 2893 bonus
739 2828 982 2892 amicus
1035 2849 1121 2892 es.
1218 2825 1366 2913 Ego
1431 2827 1509 2891 de
1564 2824 1899 2912 provincia
1945 2824 2050 2889 de·
2078 2835 2106 2885 ι

169 2912 373 2996 cedens
438 2919 842 3002 quaestorem
906 2914 1196 2982 Caelium
1256 2916 1601 3001 praeposui
1663 2913 2050 3000 provinciae.

168 2998 533 3082 „PuerumP“
574 3006 808 3090 inquis.
887 3004 978 3069 At
1013 3008 1437 3089 quaestorem,
1475 3008 1544 3069 at
1578 3004 1864 3069 nobilem
1900 3003 2051 3068 ado-

169 3086 512 3180 lescentem,
568 3098 640 3160 at
692 3093 981 3161 omnium
1031 3094 1167 3159 fere
1223 3093 1531 3178 exemplo.
1628 3091 1855 3176 Neque
1913 3094 2054 3157 erat

174 3182 469 3263 superiore
492 3185 741 3250 honore
768 3205 942 3267 usuS,
969 3205 1159 3268 quem
1185 3183 1626 3268 praeficerem:
1666 3180 2051 3264 Pomptinus

173 3269 352 3336 multo
409 3277 553 3339 ante
607 3274 1012 3357 discesserat3
1066 3294 1106 3337 a
1160 3271 1401 3348 Quinto
1464 3271 1664 3335 fratre
1722 3267 2054 3352 impetrari

295 3472 392 3533 hp·
429 3473 507 3523 14.
580 3467 726 3523 nihil
762 3467 838 3523 ad
872 3482 972 3522 nos
1005 3466 1136 3521 novi
1175 3463 1294 3532 (alt.
1333 3462 1408 3516 M.
1448 3464 1554 3529 ex.)
1558 3467 1630 3597 Σ*
