2338 3691
606 138 1122 206 EPISTOLARUM
1158 151 1279 205 VII.
1323 158 1545 207 13—16.
1904 149 2036 215 209

156 291 425 357 delectari
477 294 667 359 facile
721 295 1014 379 patiebar
1070 299 1136 360 et
1189 317 1362 360 nunc
1394 300 1624 381 'angor
1688 295 2038 378 quidquam

153 380 255 443 tibi
306 382 436 446 sine
481 404 584 447 me
642 405 778 448 esse
825 382 1201 466 iucundum3
1254 384 1366 448 sed
1420 384 1544 449 hoc
1597 388 1818 447 tamen
1864 385 2035 449 malo

156 467 295 532 ferre
335 492 452 535 nos
501 470 903 556 desiderium,
948 494 1143 556 quam
1188 476 1252 537 te
1297 494 1433 537 non
1479 494 1572 556 ea,
1618 474 1780 555 quae
1827 494 2034 556 spem,

152 559 446 642 consequi.
520 558 705 635 Quod
742 582 893 624 vero
930 561 999 623 in
1047 558 1113 625 O.
1151 559 1356 644 Matii‚
1398 561 1758 625 suavissimi
1805 561 2034 625 doctis·
2072 570 2104 617 2

152 645 392 730 simique
455 647 765 733 hominis,
827 649 1336 713 familiaritatem
1398 649 1661 733 venisti,
1722 671 1857 714 non
1912 649 2038 713 dici

148 736 362 819 potest,
417 758 613 819 quam
658 737 842 802 valde
899 738 1243 822 gaudeam3
1302 738 1413 821 qui
1465 738 1570 802 fac
1615 741 1690 802 ut
1730 739 1796 801 te
1844 759 2037 820 quam

147 823 396 888 maxime
443 825 702 910 diligat:
749 825 909 889 mihi
956 826 1157 910 crede,
1203 826 1368 890 nihil
1415 847 1491 890 ex
1536 826 1663 890 ista
1706 826 2038 910 provincia

146 915 325 997 potes,
353 914 524 996 quod
551 914 892 979 iucundius
922 915 1023 999 sit,
1051 914 1408 998 deportare.
1480 911 1668 998 Cura,
1704 918 1778 979 ut
1804 916 2037 980 valeas.

994 1073 1172 1137 XVI.

434 1175 552 1232 Scr.
590 1177 802 1232 Romae
841 1179 934 1245 (m.
972 1177 1300 1247 Novembri)
1340 1191 1389 1230 a.
1427 1194 1487 1237 u..
1521 1194 1566 1230 c.
1609 1183 1730 1232 700.

567 1283 683 1353 [M.]
723 1281 982 1338 CICERO
1021 1282 1074 1338 s.
1112 1282 1178 1338 D.
1219 1281 1601 1336 TREBATm.

256 1373 336 1439 In
401 1371 591 1457 Equo
657 1373 938 1439 Troiano
1006 1376 1128 1440 scis
1194 1397 1330 1441 esse
1393 1375 1464 1438 in
1524 1378 1806 1439 extremo
1859 1395 2038 1458 „sero
2080 1390 2108 1439 1

146 1460 449 1545 sapiunt“:
502 1465 577 1526 tu
621 1465 867 1548 tamen,
923 1465 1036 1528 mi*
1066 1467 1306 1548 vetule,
1360 1485 1497 1528 non
1543 1485 1702 1528 sero.
1790 1460 2040 1527 Primas

143 1549 268 1614 illas
311 1551 674 1616 rabiosulas
729 1554 833 1615 sat
883 1552 1100 1616 fatuas
1147 1553 1405 1635 dedisti3
1462 1552 1689 1616 deinde
1746 1552 1918 1634 quod
1973 1552 2041 1616 in

144 1635 469 1704 Britannia
494 1661 631 1704 non
658 1640 852 1704 nimis
883 1638 1313 1722 φιλοθέωρον
1350 1644 1427 1705 te.
1443 1640 1813 1724 praebuisti,
1849 1640 2040 1724 plane

146 1746 260 1791 non
318 1728 752 1812 reprehend03
823 1749 997 1793 nunc
1061 1749 1211 1793 vero
1275 1729 1345 1793 in
1406 1729 1694 1793 hibernis
1761 1729 2040 1794 intectus

147 1816 283 1880 mihi
325 1816 586 1902 videris,
630 1817 849 1902 itaque
894 1820 959 1882 te
1007 1837 1406 1884 commovere
1452 1839 1586 1883 non
1634 1838 1837 1883 curaS.

218 1919 693 2009 Usquequaque
741 1946 963 2025 sapere
1011 1927 1291 2008 oportet:
1345 1923 1413 1988 id
1459 1923 1582 1988 erit
1623 1924 1825 1989 telum
1870 1946 2042 1989 acer-

871 2035 1121 2077 rimum.

146 2112 274 2201 Ego
321 2119 376 2182 si
421 2118 585 2182 foris
623 2118 1034 2203 coenitarem,
1078 2116 1194 2184 Cn.
1233 2117 1518 2202 Octavio,
1561 2117 1865 2182 familiari
1910 2120 2044 2202 tuo,
2079 2133 2112 2181 2

147 2224 262 2267 non
306 2206 683 2289 defuissem3
729 2208 832 2272 cui
876 2212 1099 2271 tamen
1135 2208 1283 2292 dixi,
1329 2229 1527 2291 quum
1563 2229 1664 2271 me
1703 2206 2042 2289 aliquoties

146 2290 456 2359 invitaret:
503 2316 655 2379 „oro
691 2298 776 2378 te,
814 2297 956 2379 quis
984 2299 1057 2360 tu
1096 2294 1256 2361 es‘?“
1303 2296 1412 2360 sed
1441 2295 1835 2360 mehercules
1864 2298 2043 2359 extra

143 2379 336 2446 iocum
399 2384 600 2448 homo
666 2383 872 2447 bellus
936 2388 1063 2466 est3
1135 2385 1367 2451 vellem
1440 2405 1586 2448 eum
1657 2387 1872 2448 tecum
1935 2383 2042 2447 ab·

143 2466 432 2536 duxisses.
519 2470 685 2547 Quid
733 2473 942 2558 agatis
990 2476 1055 2536 et
1101 2472 1328 2557 ecquid
1372 2473 1443 2536 in
1486 2472 1744 2536 Italiam
1789 2472 2045 2537 venturi
2080 2484 2112 2533 3

143 2557 266 2622 sitis
309 2559 436 2624 hac
482 2560 712 2644 hieme,
755 2562 860 2625 fac
896 2561 1088 2645 plane
1127 2562 1344 2625 sciam.
1417 2560 1661 2625 Balbus
1698 2560 1857 2624 mihi
1894 2581 2043 2624 con-

142 2642 406 2712 firmavit
471 2651 535 2712 te
606 2649 869 2713 divitem
940 2650 1258 2715 futurum:
1329 2648 1396 2713 id
1468 2653 1684 2714 utrum
1747 2648 2043 2712 Romano

143 2753 300 2799 more
346 2737 607 2802 locutus
654 2738 765 2820 sit,
807 2738 972 2802 bene
1018 2742 1424 2803 nummatum
1468 2741 1533 2802 te
1577 2737 1897 2819 futurum,
1942 2756 2044 2818 an,

146 2825 450 2903 quomodo
479 2824 682 2891 Stoici
719 2826 958 2910 dicunt,
996 2848 1220 2891 omnes
1259 2848 1397 2891 esse
1434 2826 1691 2909 divites,
1729 2824 1839 2908 qui
1867 2824 2043 2887 caelo

145 2912 200 2972 et
239 2915 411 2977 terra
455 2914 587 2978 frui
632 2915 902 2999 possint,
948 2919 1177 2999 postea
1221 2915 1460 2980 videro.
1534 2912 1657 2989 Qui
1703 2914 1896 2977 istinc
1940 2933 2042 2976 ve-

147 2997 341 3085 niunt,
407 3003 776 3086 superbiam
829 3006 1009 3067 tuam
1064 3007 1399 3087 accusant,
1457 3001 1630 3086 quod
1683 3004 1926 3086 negent
1977 3004 2044 3065 te

147 3090 662 3166 percontantibus
725 3092 1138 3175 respondere3
1213 3092 1325 3157 sed
1387 3095 1610 3155 tamen
1672 3092 1797 3173 est,
1871 3088 2044 3173 quod

148 3175 439 3261 gaudeas;
486 3182 743 3243 constat
780 3180 951 3243 enim
988 3180 1159 3244 inter
1196 3201 1419 3245 omnes
1446 3178 1772 3244 neminem
1808 3181 1874 3243 te
1909 3199 2042 3244 uno

147 3256 617 3332 Samarobrivae
663 3267 821 3334 iuris
867 3268 1238 3352 peritiorem
1283 3289 1440 3333 esse.

273 3419 374 3491 Ep.
416 3429 500 3491 16,
533 3430 577 3477 1.
656 3424 879 3480 Primae
914 3426 1043 3481 illas
1081 3425 1217 3495 (M.).
1301 3425 1546 3493 primum
1581 3424 1618 3477 i.
1667 3421 1835 3488 Crat„
1870 3420 1933 3475 B.
1971 3445 2039 3459 -

147 3488 330 3546 rabios.
367 3498 458 3547 sat
493 3494 682 3560 fatuas
709 3496 936 3566 (vulgo).
1009 3512 1092 3563 „r.
1128 3511 1173 3551 s.
1209 3495 1290 3562 f.“
1324 3494 1560 3559 Mfiller„
1597 3492 1658 3545 B.

245 3576 468 3666 ciceronio
496 3584 618 3632 epist.
646 3585 683 3625 Ι.
1549 3583 1616 3629 14
