2338 3691
171 1494 198 1541 1

903 801 1123 859 LmER
1155 802 1491 861 nEcmus.

431 928 582 997 AD.
643 927 716 996 L.
768 929 1250 998 PLANOUM
1312 931 1436 996 ET
1493 929 1950 1000 CETEROS«

1163 1107 1217 1174 Ι.

242 1227 357 1284 Ser.
394 1228 606 1285 Romae
640 1232 771 1300 post
805 1229 872 1284 Κ.
903 1229 1055 1300 Sept.
1092 1233 1152 1285 et
1187 1232 1320 1285 ante
1356 1229 1502 1285 XIV.
1541 1228 1608 1285 Κ.
1638 1231 1760 1285 Oct.
1790 1247 1838 1286 a.
1869 1250 1922 1286 u.
1950 1248 1996 1287 c.
2029 1238 2153 1289 710.

891 1370 1150 1427 CICERO
1189 1369 1493 1426 PLANCO.

370 1480 460 1545 Et
495 1481 630 1545 afui
665 1481 1076 1567 proficiscens
1111 1482 1184 1545 in
1210 1479 1543 1545 Graeciam
1571 1484 1638 1545 et
1670 1485 1915 1567 postea,
1952 1504 2146 1566 quam

239 1568 315 1633 de
369 1569 580 1635 medio
635 1591 826 1635 cursu
877 1570 971 1634 rei
1023 1569 1317 1653 publicae
1377 1591 1519 1634 sum
1583 1592 1737 1635 voce
1791 1574 2148 1656 revocatus,

235 1678 588 1740 numquam
623 1680 739 1742 per
773 1656 860 1722 M.
896 1658 1258 1723 Antonium
1295 1658 1548 1741 quietus
1582 1657 1698 1743 fui,
1743 1659 1921 1723 cuius
1958 1662 2144 1724 tanta

236 1749 351 1829 est,
396 1768 530 1810 non
575 1747 922 1813 insolentia
964 1782 1053 1793 -—
1098 1768 1252 1810 nam
1303 1746 1371 1811 id
1417 1747 1674 1831 quidem
1728 1747 1994 1832 vulgare
2053 1749 2141 1812 vi·

234 1834 397 1899 tium
444 1837 543 1902 est
587 1872 700 1919 -,
753 1834 863 1901 sed
909 1836 1277 1902 immanitas
1286 1886 1305 1920 ‚
1356 1858 1492 1901 non
1546 1836 1738 1903 modo
1784 1839 1859 1900 ut
1902 1858 2144 1922 vocem,

235 1924 346 1987 sed
390 1946 474 1987 ne
518 1924 768 1988 vultum
823 1925 1078 2010 quidem
1131 1925 1404 1989 liberum
1449 1925 1655 2009 possit
1711 1925 1880 1989 ferre
1934 1925 2140 1991 cuius·

234 2032 444 2095 quam.
550 2011 778 2098 Itaque
842 2013 1002 2078 mihi
1063 2014 1377 2077 maximae
1441 2035 1629 2077 curae
1685 2016 1809 2097 est,
1871 2035 2005 2078 non
2061 2014 2142 2078 de

232 2122 378 2165 mea
423 2100 679 2185 quidem
724 2102 878 2187 vita,
924 2103 1026 2166 cui
1073 2101 1355 2166 satisfeci
1398 2103 1502 2165 vel
1547 2105 1757 2166 aetate
1803 2102 1906 2166 vel
1947 2102 2141 2167 factis

230 2190 352 2272 vel,
398 2189 452 2253 si
498 2190 652 2275 quid
698 2191 893 2254 etiam
936 2190 1061 2254 hoc
1106 2190 1191 2254 ad
1234 2211 1370 2253 rem
1415 2190 1713 2274 pertinet,
1757 2190 1981 2275 gloria,
2026 2191 2140 2255 sed

230 2299 335 2341 me
387 2279 601 2361 patria
654 2279 958 2343 sollicitat
1009 2280 1080 2342 in
1132 2279 1507 2363 primisque,
1570 2279 1679 2349 mi,
1712 2277 1977 2363 Plance,
2036 2299 2138 2343 ex-

232 2367 543 2450 spectatio
609 2369 980 2432 consulatus
1042 2367 1171 2450 tui,
1234 2387 1397 2450 quae
1461 2367 1555 2429 ita
1614 2368 1814 2452 longa
1877 2370 2001 2451 est,
2065 2371 2144 2431 ut

230 2456 587 2539 optandum
634 2456 735 2540 sit,
779 2458 854 2520 ut
896 2456 1219 2540 possimus
1266 2454 1348 2518 ad
1392 2454 1457 2518 id
1502 2458 1757 2539 tempus
1803 2456 1895 2519 rei
1928 2456 2136 2540 publi·

229 2564 342 2607 cae
388 2545 685 2630 spiritum
731 2544 985 2628 ducere3
1031 2564 1194 2627 quae
1239 2550 1456 2627 potest
1491 2544 1662 2608 enim
1700 2564 1846 2627 spes
1883 2564 2020 2608 esse
2066 2544 2139 2608 in

229 2654 306 2697 ea
349 2654 417 2697 re
462 2633 738 2717 publica,
783 2633 851 2697 in
898 2655 1025 2717 qua
1059 2631 1341 2697 hominis
1376 2632 1898 2716 impotentissimi
1943 2634 2141 2716 atque

226 2721 864 2807 intemperantissimi
910 2721 1104 2785 armis
1151 2741 1458 2804 oppressa
1502 2723 1656 2784 sunt
1694 2720 1910 2784 omnia
1956 2724 2022 2784 et
2065 2720 2137 2784 in

227 2830 356 2893 qua
400 2833 520 2875 nec
564 2814 824 2875 senatus
869 2831 990 2873 nec
1032 2810 1311 2893 populus
1355 2808 1485 2873 vim
1529 2808 1729 2873 habet
1771 2808 1970 2872 ullam
2015 2829 2137 2873 nec

225 2898 402 2984 leges
464 2899 634 2963 ullae
697 2902 850 2963 sunt
910 2919 1030 2962 nec
1091 2897 1328 2962 iudicia
1379 2918 1500 2961 nec
1554 2897 1817 2962 omnino
1878 2897 2134 2961 simula-

227 3007 406 3051 crum
451 2987 711 3073 aliquod
755 3008 830 3051 ac
866 2986 1211 3071 vestigium
1246 2984 1567 3050 civitatis?
1639 2983 1783 3069 Sed,
1828 2985 2136 3068 quoniam

227 3080 390 3139 acta·
418 3077 637 3140 omnia
679 3075 851 3140 mitti
897 3074 977 3138 ad
1022 3079 1088 3138 te
1129 3073 1507 3158 arbitrabar,
1551 3072 1715 3137 nihil
1761 3077 1916 3157 erat,
1961 3073 2134 3156 quod

227 3163 499 3247 singulis
537 3164 614 3228 de
650 3163 841 3228 rebus
878 3163 1246 3245 scriberem3
1289 3162 1450 3228 illud
1487 3166 1702 3227 autem
1731 3165 1869 3226 erat
1894 3161 2137 3226 amoris

226 3251 380 3332 mei,
432 3272 621 3333 quem
675 3274 715 3315 a
766 3255 882 3316 tua
943 3251 1222 3336 pueritia
1275 3255 1643 3335 susceptum
1694 3272 1829 3315 non
1882 3250 2135 3314 servavi

227 3338 452 3420 solum,
497 3339 607 3401 sed
653 3340 848 3403 etiam
892 3341 1057 3425 auxi,
1101 3361 1363 3405 monere
1407 3344 1474 3404 te
1512 3343 1703 3424 atque
1748 3337 2012 3420 hortari,
2057 3341 2137 3401 ut

226 3423 295 3486 in
339 3445 476 3488 rem
519 3425 842 3510 publicam
896 3428 1074 3493 omni
1119 3429 1512 3514 cogitatione
1567 3447 1842 3510 curaque
1884 3426 2133 3490 incum-
