2338 3691
236 136 368 201 334
801 135 877 190 M.
918 133 1166 189 TULLII
1202 131 1584 189 CICERONIS

235 286 510 366 utraque
555 284 740 365 parte
784 280 1090 366 pugnari3
1136 279 1258 345 etsi
1295 278 1615 344 dexterius
1652 299 1872 362 cornu,
1914 278 1987 342 in
2024 297 2149 362 quo

239 392 360 457 ego
425 392 601 435 eram
664 390 811 434 cum
873 368 1148 433 Martiae
1211 368 1488 453 legionis
1553 367 1926 433 cohortibus
1988 372 2151 451 octo,

236 461 481 544 impetu
535 459 744 543 primo
809 457 1152 544 fugaverat
1209 457 1534 543 legionem
1589 472 1804 519 xxxv.
1860 456 2150 540 Antonii,

236 551 311 613 ut
357 548 631 632 amplius
677 568 908 632 passus
943 547 981 586 ²¹⁸
1017 547 1191 611 ultra
1235 547 1457 629 aciem,
1502 567 1628 630 quo
1674 546 1819 611 loco
1866 548 2149 629 steterat,

236 637 636 723 processerit.
725 634 979 720 Itaque,
1044 657 1243 720 quum
1302 636 1546 719 equites
1600 638 1897 699 nostrum
1950 655 2149 700 cornu

238 726 569 790 circumire
615 725 874 810 vellent,
918 724 1199 809 recipere
1240 745 1343 790 me
1381 724 1564 808 coepi
1599 724 1664 787 et
1698 724 1905 788 levem
1943 746 2148 788 arma-

235 818 450 879 turam
514 835 839 900 opponere
892 812 1269 879 Maurorum
1334 812 1684 897 equitibus,
1744 834 1828 877 ne
1891 833 2149 878 aversos

236 907 495 969 nostros
525 899 1047 989 aggrederentur.
1117 900 1389 966 Interim
1434 902 1620 967 video
1667 923 1769 967 me
1806 922 1944 966 esse
1980 902 2149 966 inter

236 991 649 1057 Antonianos
694 991 1183 1075 Antoniumque
1238 993 1389 1076 post
1440 1012 1541 1055 me
1597 1011 1735 1055 esse
1790 990 2147 1075 aliquanto:

236 1084 499 1166 repente
555 1102 791 1165 equum
843 1080 1081 1144 immisi
1135 1079 1218 1144 ad
1274 1100 1417 1144 eam
1469 1080 1792 1165 legionem
1845 1080 2148 1163 tironum,

236 1192 400 1254 quae
446 1170 746 1235 veniebat
790 1190 867 1234 ex
913 1169 1168 1253 castris,
1214 1172 1396 1234 scuto
1442 1169 1697 1234 reiecto.
1790 1166 2148 1233 Antoniani

236 1281 338 1324 me
398 1259 678 1344 insequi3
731 1258 940 1324 nostri
993 1258 1128 1343 pila
1183 1259 1496 1324 coniicere
1541 1259 1730 1323 velle:
1792 1258 1887 1322 ita
1929 1259 2146 1322 nescio

236 1370 363 1432 quo
426 1348 565 1414 fato
620 1369 763 1413 sum
817 1351 1109 1412 servatus
1118 1392 1153 1430 ,-
1199 1346 1372 1431 quod
1429 1369 1571 1412 sum
1625 1348 1754 1412 cito
1813 1368 1853 1411 a
1905 1347 2150 1411 nostris

237 1438 552 1523 cognitus.
659 1434 741 1501 In
805 1437 949 1521 ipsa
1013 1436 1315 1520 Aemilia,
1386 1436 1498 1500 ubi
1562 1435 1791 1501 cohors
1856 1433 2144 1500 Caesaris

235 1527 559 1609 praetoria
595 1529 750 1609 erat,
787 1524 896 1590 diu
933 1528 1297 1611 pugnatum
1333 1528 1448 1590 est.
1512 1523 1729 1590 Cornu
1771 1524 2146 1608 sinisterius,

237 1615 409 1698 quod
454 1618 593 1680 erat
635 1615 952 1679 infirmius
962 1665 979 1697 ,
1037 1615 1148 1679 ubi
1194 1613 1468 1679 Martiae
1512 1614 1788 1699 legionis
1836 1614 1999 1679 duae
2045 1634 2144 1679 co·

235 1703 456 1769 hortes
518 1706 705 1769 erant
769 1706 836 1767 et
896 1703 1127 1769 cohors
1199 1703 1549 1788 praetoria,
1618 1703 1848 1787 pedem
1909 1704 2144 1767 referre

237 1797 603 1877 coeperunt,
648 1791 822 1877 quod
867 1792 948 1858 ab
987 1793 1279 1877 equitatu
1317 1792 1835 1877 circumibantur,
1880 1813 2009 1877 quo
2027 1793 2143 1858 ·vel

234 1882 584 1966 plurimum
645 1883 820 1947 valet
872 1881 1218 1947 Antonius.
1310 1880 1522 1958 Quum
1576 1899 1800 1947 omnes
1855 1903 1922 1946 se
1975 1903 2143 1947 rece·

234 1971 484 2055 pissent
517 1971 725 2036 nostri
762 1969 1038 2054 ordineS,
1080 1972 1364 2055 recipere
1401 1994 1503 2036 me
1538 1972 1928 2037 novissimus
1966 1972 2143 2055 coepi

236 2059 317 2123 ad
364 2063 600 2145 castra3
644 2058 974 2125 Antonius
1017 2064 1351 2144 tamquam
1385 2061 1593 2126 victor
1637 2065 1849 2124 castra
1893 2062 2146 2145 putavit

237 2168 304 2212 se
366 2170 556 2233 posse
620 2169 871 2233 capere:
945 2170 1072 2233 quo
1146 2171 1293 2214 cum
1355 2150 1560 2234 venit,
1631 2151 1991 2235 complures
2056 2150 2144 2215 ibi

237 2237 452 2302 amisit
495 2259 615 2302 nec
661 2238 797 2323 egit
840 2238 1209 2322 quidquam.
1298 2237 1543 2302 Audita
1587 2260 1656 2304 re
1700 2238 1954 2304 Hirtius
2001 2260 2145 2306 cum

236 2326 608 2392 cohortibus
662 2350 762 2391 xx.
816 2327 1137 2392 veteranis
1200 2328 1496 2392 redeunti
1539 2326 1831 2393 Antonio
1895 2329 1965 2392 in
2031 2349 2147 2393 sua

235 2420 447 2480 castra
492 2416 770 2481 occurrit
814 2417 1158 2501 copiasque
1205 2417 1341 2481 eius
1398 2438 1621 2481 omnes
1682 2417 1918 2482 delevit
1960 2417 2144 2503 fuga-

234 2505 329 2569 vit
373 2504 598 2570 eodem
642 2502 746 2568 die
792 2505 1142 2589 eodemque
1188 2506 1359 2589 loco,
1413 2506 1525 2570 ubi
1580 2510 1721 2571 erat
1762 2511 2147 2592 pugnatum,

235 2593 318 2659 ad
360 2592 602 2660 Forum
647 2592 1006 2677 Gallorum3
1049 2593 1379 2659 Antonius
1426 2616 1571 2660 cum
1617 2595 1938 2679 equitibus
1984 2596 2148 2661 hora

233 2683 442 2748 noctis
490 2687 721 2768 quarta
765 2705 835 2747 se
877 2683 949 2746 in
994 2687 1207 2747 castra
1243 2704 1361 2748 sua
1397 2684 1478 2749 ad
1514 2683 1837 2749 Mutinam
1879 2685 2148 2770 recepit3

168 2794 188 2807 ·
234 2771 486 2838 Hirtius
529 2774 601 2837 in
637 2794 715 2838 ea
758 2775 972 2838 castra
1006 2772 1216 2857 rediit,
1257 2773 1431 2838 u'nde
1469 2772 1685 2838 Pansa
1731 2775 1989 2858 exierat,
2034 2774 2148 2838 ubi

235 2862 394 2926 duas
457 2862 746 2947 legiones
809 2861 1181 2945 reliquerat,
1244 2884 1408 2945 quae
1472 2862 1555 2927 ab
1609 2861 1900 2929 Antonio
1961 2867 2148 2928 erant

235 2955 665 3037 oppugnatae.
708 2948 844 3032 *Sic
885 2953 1137 3035 partem
1172 2952 1482 3016 maiorem
1519 2973 1780 3017 suarum
1816 2953 2148 3037 copiarum

234 3038 561 3105 Antonius
615 3039 833 3104 amisit
884 3043 1361 3124 veteranarum3
1423 3061 1543 3105 nec
1603 3041 1669 3105 id
1722 3045 1943 3105 tamen
2007 3042 2149 3105 sine

374 3212 477 3283 Ep.
516 3221 602 3282 30,
632 3221 681 3269 3.
756 3215 950 3283 aciem,
995 3230 1100 3285 quo
1137 3216 1172 3270 Ζ.
1208 3219 1454 3282 steterat,
1488 3232 1581 3285 pr.
1632 3217 1753 3286 (M.,
1789 3217 1999 3288 vulgo).
2090 3234 2150 3271 a.

236 3280 364 3350 [quo
400 3283 434 3335 l.
471 3283 540 3353 3.]
568 3302 661 3352 pr.
698 3284 916 3354 Kleyn„
953 3285 1014 3340 B.
1056 3319 1121 3329 —-
1161 3289 1382 3355 castris,
1417 3291 1568 3342 scuto
1606 3287 1865 3358 (Graev.).
1949 3289 2152 3344 castris

232 3365 305 3433 sc:
342 3351 402 3405 B.
474 3359 525 3406 4.
572 3371 679 3422 quo
713 3372 881 3424 quum
914 3358 1143 3413 venisset
1171 3358 1343 3427 (W.)?
1381 3388 1447 3398 —
1485 3359 1677 3414 delevit
1710 3360 1932 3429 fuqavit
1967 3361 2148 3415 eodem

234 3421 331 3544 dt}
357 3422 633 3547 walemlglue
647 3425 780 3548 ’ἔθου
810 3428 1011 3554 l(iW.).B
1041 3430 1095 3484 d.
1131 3430 1173 3497 f.
1213 3430 1491 3501 eodemque
1518 3430 1552 3485 Ζ.
1590 3431 1666 3485 Μ.
1737 3431 1788 3486 d.
1825 3432 2149 3502 fugavitque

233 3505 292 3544 eo
331 3507 410 3545 e‘m
468 3532 479 3544 .
576 3534 607 3560 .,
725 3537 736 3548 .
776 3513 808 3551 o
855 3516 929 3561 m,
1014 3540 1026 3554 .
