<?xml version="1.0" encoding="UTF-8"?>
<!DOCTYPE html PUBLIC "-//W3C//DTD XHTML 1.0 Transitional//EN"
    "http://www.w3.org/TR/xhtml1/DTD/xhtml1-transitional.dtd">
<html xmlns="http://www.w3.org/1999/xhtml" xml:lang="en" lang="en">
 <head>
  <title>
</title>
<meta http-equiv="Content-Type" content="text/html;charset=utf-8" />
  <meta name='ocr-system' content='tesseract 3.04.00' />
  <meta name='ocr-capabilities' content='ocr_page ocr_carea ocr_par ocr_line ocrx_word'/>
</head>
<body>
  <div class='ocr_page' id='page_1' title='image "./scriptaquaemans02wesegoog_0511.png"; bbox 0 0 2338 3691; ppageno 0'>
   <div class='ocr_carea' id='block_1_1' title="bbox 676 170 2124 239">
    <p class='ocr_par' dir='ltr' id='par_1_1' title="bbox 676 170 2124 239">
     <span class='ocr_line' id='line_1_1' title="bbox 676 170 2124 239; baseline 0.01 -14"><span class='ocrx_word' id='word_1_1' title='bbox 676 170 1197 227; x_wconf 75' lang='lat' dir='ltr'><strong>EPISTOLARUM</strong></span> <span class='ocrx_word' id='word_1_2' title='bbox 1233 171 1381 226; x_wconf 84' lang='lat' dir='ltr'>XIV.</span> <span class='ocrx_word' id='word_1_3' title='bbox 1424 176 1650 229; x_wconf 84' lang='lat'><strong>16—19.</strong></span> <span class='ocrx_word' id='word_1_4' title='bbox 1985 175 2124 239; x_wconf 82' lang='grc'><strong>495</strong></span> 
     </span>
    </p>
   </div>
   <div class='ocr_carea' id='block_1_2' title="bbox 199 315 2186 1443">
    <p class='ocr_par' dir='ltr' id='par_1_2' title="bbox 199 315 2186 1443">
     <span class='ocr_line' id='line_1_2' title="bbox 200 315 2115 403; baseline 0.002 -22"><span class='ocrx_word' id='word_1_5' title='bbox 200 319 418 381; x_wconf 84' lang='lat' dir='ltr'><strong>autem</strong></span> <span class='ocrx_word' id='word_1_6' title='bbox 461 317 664 402; x_wconf 85' lang='lat' dir='ltr'><strong>regio,</strong></span> <span class='ocrx_word' id='word_1_7' title='bbox 707 315 778 380; x_wconf 93' lang='lat' dir='ltr'><strong>in</strong></span> <span class='ocrx_word' id='word_1_8' title='bbox 824 337 951 400; x_wconf 87' lang='lat' dir='ltr'><strong>qua</strong></span> <span class='ocrx_word' id='word_1_9' title='bbox 987 338 1109 403; x_wconf 87' lang='lat' dir='ltr'><strong>ego</strong></span> <span class='ocrx_word' id='word_1_10' title='bbox 1147 339 1309 398; x_wconf 90' lang='lat' dir='ltr'><strong>sum,</strong></span> <span class='ocrx_word' id='word_1_11' title='bbox 1353 320 1728 383; x_wconf 90' lang='lat' dir='ltr'><strong>nostrorum</strong></span> <span class='ocrx_word' id='word_1_12' title='bbox 1773 321 1873 383; x_wconf 93' lang='lat' dir='ltr'><strong>est</strong></span> <span class='ocrx_word' id='word_1_13' title='bbox 1918 340 2115 403; x_wconf 88' lang='lat' dir='ltr'><strong>quum</strong></span> 
     </span>
     <span class='ocr_line' id='line_1_3' title="bbox 203 404 2116 490; baseline 0.001 -21"><span class='ocrx_word' id='word_1_14' title='bbox 203 404 614 490; x_wconf 88' lang='lat' dir='ltr'>oppidorum,</span> <span class='ocrx_word' id='word_1_15' title='bbox 670 408 813 469; x_wconf 87' lang='lat' dir='ltr'><strong>tum</strong></span> <span class='ocrx_word' id='word_1_16' title='bbox 858 405 1054 469; x_wconf 89' lang='lat' dir='ltr'><strong>etiam</strong></span> <span class='ocrx_word' id='word_1_17' title='bbox 1097 406 1533 490; x_wconf 87' lang='lat' dir='ltr'><strong>praediorum,</strong></span> <span class='ocrx_word' id='word_1_18' title='bbox 1594 408 1671 471; x_wconf 91' lang='lat' dir='ltr'><strong>ut</strong></span> <span class='ocrx_word' id='word_1_19' title='bbox 1731 409 1797 471; x_wconf 91' lang='lat' dir='ltr'><strong>et</strong></span> <span class='ocrx_word' id='word_1_20' title='bbox 1840 408 2116 472; x_wconf 91' lang='lat' dir='ltr'><strong>multum</strong></span> 
     </span>
     <span class='ocr_line' id='line_1_4' title="bbox 201 493 2116 579; baseline 0.001 -21"><span class='ocrx_word' id='word_1_21' title='bbox 201 515 340 558; x_wconf 82' lang='lat' dir='ltr'><strong>esse</strong></span> <span class='ocrx_word' id='word_1_22' title='bbox 384 515 636 559; x_wconf 84' lang='lat' dir='ltr'><strong>meeum</strong></span> <span class='ocrx_word' id='word_1_23' title='bbox 681 497 765 579; x_wconf 89' lang='lat' dir='ltr'><strong>et,</strong></span> <span class='ocrx_word' id='word_1_24' title='bbox 810 514 1007 577; x_wconf 89' lang='lat' dir='ltr'><strong>quum</strong></span> <span class='ocrx_word' id='word_1_25' title='bbox 1044 493 1348 578; x_wconf 91' lang='lat' dir='ltr'><strong>abieritis,</strong></span> <span class='ocrx_word' id='word_1_26' title='bbox 1392 494 1725 560; x_wconf 79' lang='lat' dir='ltr'><strong>commode</strong></span> <span class='ocrx_word' id='word_1_27' title='bbox 1760 494 1833 559; x_wconf 90' lang='lat' dir='ltr'><strong>in</strong></span> <span class='ocrx_word' id='word_1_28' title='bbox 1875 496 2116 560; x_wconf 87' lang='lat' dir='ltr'><strong>nostris</strong></span> 
     </span>
     <span class='ocr_line' id='line_1_5' title="bbox 199 580 2186 668; baseline 0.002 -21"><span class='ocrx_word' id='word_1_29' title='bbox 199 581 478 667; x_wconf 86' lang='lat' dir='ltr'><strong>praediis</strong></span> <span class='ocrx_word' id='word_1_30' title='bbox 526 602 663 647; x_wconf 88' lang='lat' dir='ltr'><strong>esse</strong></span> <span class='ocrx_word' id='word_1_31' title='bbox 708 580 991 667; x_wconf 86' lang='lat' dir='ltr'><strong>possitis.</strong></span> <span class='ocrx_word' id='word_1_32' title='bbox 1062 580 1227 646; x_wconf 91' lang='lat' dir='ltr'><strong>Mihi</strong></span> <span class='ocrx_word' id='word_1_33' title='bbox 1263 583 1454 668; x_wconf 88' lang='lat' dir='ltr'><strong>plane</strong></span> <span class='ocrx_word' id='word_1_34' title='bbox 1490 604 1627 648; x_wconf 92' lang='lat' dir='ltr'><strong>non</strong></span> <span class='ocrx_word' id='word_1_35' title='bbox 1664 583 1821 648; x_wconf 79' lang='lat' dir='ltr'><strong>satis</strong></span> <span class='ocrx_word' id='word_1_36' title='bbox 1859 587 2118 649; x_wconf 82' lang='lat' dir='ltr'><strong>constat</strong></span> <span class='ocrx_word' id='word_1_37' title='bbox 2153 603 2186 652; x_wconf 71' lang='grc' dir='ltr'><strong>ει</strong></span> 
     </span>
     <span class='ocr_line' id='line_1_6' title="bbox 199 670 2115 756; baseline 0.001 -21"><span class='ocrx_word' id='word_1_38' title='bbox 199 670 430 755; x_wconf 84' lang='lat' dir='ltr'><strong>adhue,</strong></span> <span class='ocrx_word' id='word_1_39' title='bbox 475 673 692 736; x_wconf 83' lang='lat' dir='ltr'><strong>utrum</strong></span> <span class='ocrx_word' id='word_1_40' title='bbox 738 670 824 735; x_wconf 87' lang='lat' dir='ltr'><strong>sit</strong></span> <span class='ocrx_word' id='word_1_41' title='bbox 867 670 1121 735; x_wconf 89' lang='lat' dir='ltr'><strong>melius:</strong></span> <span class='ocrx_word' id='word_1_42' title='bbox 1177 692 1293 736; x_wconf 81' lang='lat' dir='ltr'><strong>vos</strong></span> <span class='ocrx_word' id='word_1_43' title='bbox 1339 670 1567 755; x_wconf 83' lang='lat' dir='ltr'><strong>videte,</strong></span> <span class='ocrx_word' id='word_1_44' title='bbox 1613 672 1766 756; x_wconf 90' lang='lat' dir='ltr'><strong>quid</strong></span> <span class='ocrx_word' id='word_1_45' title='bbox 1812 672 1975 737; x_wconf 84' lang='lat' dir='ltr'><strong>aliae</strong></span> <span class='ocrx_word' id='word_1_46' title='bbox 2020 672 2115 737; x_wconf 88' lang='lat' dir='ltr'><strong>fa·</strong></span> 
     </span>
     <span class='ocr_line' id='line_1_7' title="bbox 199 759 2116 846; baseline 0.002 -23"><span class='ocrx_word' id='word_1_47' title='bbox 199 759 380 824; x_wconf 76' lang='lat' dir='ltr'><strong>ciant</strong></span> <span class='ocrx_word' id='word_1_48' title='bbox 422 759 549 824; x_wconf 89' lang='lat' dir='ltr'><strong>isto</strong></span> <span class='ocrx_word' id='word_1_49' title='bbox 595 760 738 825; x_wconf 83' lang='lat' dir='ltr'><strong>loeo</strong></span> <span class='ocrx_word' id='word_1_50' title='bbox 783 759 1090 843; x_wconf 84' lang='lat' dir='ltr'><strong>feminae,</strong></span> <span class='ocrx_word' id='word_1_51' title='bbox 1145 762 1213 824; x_wconf 91' lang='lat' dir='ltr'><strong>et</strong></span> <span class='ocrx_word' id='word_1_52' title='bbox 1255 781 1337 824; x_wconf 90' lang='lat' dir='ltr'><strong>ne</strong></span> <span class='ocrx_word' id='word_1_53' title='bbox 1344 810 1364 844; x_wconf 89' lang='lat'><strong>,</strong></span> <span class='ocrx_word' id='word_1_54' title='bbox 1418 782 1617 844; x_wconf 89' lang='lat' dir='ltr'><strong>quum</strong></span> <span class='ocrx_word' id='word_1_55' title='bbox 1660 760 1900 846; x_wconf 83' lang='lat' dir='ltr'><strong>velitis,</strong></span> <span class='ocrx_word' id='word_1_56' title='bbox 1945 762 2116 826; x_wconf 84' lang='lat' dir='ltr'><strong>exire</strong></span> 
     </span>
     <span class='ocr_line' id='line_1_8' title="bbox 199 847 2116 934; baseline 0.001 -22"><span class='ocrx_word' id='word_1_57' title='bbox 199 869 338 913; x_wconf 94' lang='lat' dir='ltr'><strong>non</strong></span> <span class='ocrx_word' id='word_1_58' title='bbox 379 847 600 932; x_wconf 79' lang='lat' dir='ltr'><strong>liceat3</strong></span> <span class='ocrx_word' id='word_1_59' title='bbox 660 847 729 913; x_wconf 79' lang='lat' dir='ltr'><strong>id</strong></span> <span class='ocrx_word' id='word_1_60' title='bbox 782 847 1001 913; x_wconf 77' lang='lat' dir='ltr'><strong>velim·</strong></span> <span class='ocrx_word' id='word_1_61' title='bbox 1031 847 1377 934; x_wconf 73' lang='lat' dir='ltr'>diligenter</span> <span class='ocrx_word' id='word_1_62' title='bbox 1430 848 1626 913; x_wconf 89' lang='lat' dir='ltr'><strong>etiam</strong></span> <span class='ocrx_word' id='word_1_63' title='bbox 1681 853 1874 933; x_wconf 84' lang='lat' dir='ltr'><strong>atque</strong></span> <span class='ocrx_word' id='word_1_64' title='bbox 1921 850 2116 914; x_wconf 88' lang='lat' dir='ltr'><strong>etiam</strong></span> 
     </span>
     <span class='ocr_line' id='line_1_9' title="bbox 201 935 2123 1003; baseline 0.001 -2"><span class='ocrx_word' id='word_1_65' title='bbox 201 935 539 1001; x_wconf 79' lang='lat' dir='ltr'><strong>vobiscum</strong></span> <span class='ocrx_word' id='word_1_66' title='bbox 601 939 668 1001; x_wconf 91' lang='lat' dir='ltr'><strong>et</strong></span> <span class='ocrx_word' id='word_1_67' title='bbox 729 957 874 1001; x_wconf 85' lang='lat' dir='ltr'><strong>eum</strong></span> <span class='ocrx_word' id='word_1_68' title='bbox 936 936 1160 1001; x_wconf 84' lang='lat' dir='ltr'><strong>amieis</strong></span> <span class='ocrx_word' id='word_1_69' title='bbox 1206 936 1643 1003; x_wconf 72' lang='lat' dir='ltr'><strong>consideretis.</strong></span> <span class='ocrx_word' id='word_1_70' title='bbox 1731 937 1979 1003; x_wconf 90' lang='lat' dir='ltr'><strong>Domus</strong></span> <span class='ocrx_word' id='word_1_71' title='bbox 2041 942 2123 1003; x_wconf 86' lang='lat' dir='ltr'><strong>ut</strong></span> 
     </span>
     <span class='ocr_line' id='line_1_10' title="bbox 203 1024 2116 1111; baseline 0.002 -23"><span class='ocrx_word' id='word_1_72' title='bbox 203 1025 693 1111; x_wconf 79' lang='lat' dir='ltr'><strong>propugnacula</strong></span> <span class='ocrx_word' id='word_1_73' title='bbox 746 1029 813 1089; x_wconf 90' lang='lat' dir='ltr'><strong>et</strong></span> <span class='ocrx_word' id='word_1_74' title='bbox 864 1024 1255 1109; x_wconf 85' lang='lat' dir='ltr'><strong>praesidium</strong></span> <span class='ocrx_word' id='word_1_75' title='bbox 1298 1025 1564 1110; x_wconf 89' lang='lat' dir='ltr'><strong>habeat,</strong></span> <span class='ocrx_word' id='word_1_76' title='bbox 1620 1024 1970 1092; x_wconf 75' lang='lat' dir='ltr'><strong>Philotimo</strong></span> <span class='ocrx_word' id='word_1_77' title='bbox 2025 1027 2116 1091; x_wconf 87' lang='lat' dir='ltr'><strong>di-</strong></span> 
     </span>
     <span class='ocr_line' id='line_1_11' title="bbox 206 1113 2119 1199; baseline 0.002 -22"><span class='ocrx_word' id='word_1_78' title='bbox 206 1113 390 1195; x_wconf 79' lang='lat' dir='ltr'><strong>cetis3</strong></span> <span class='ocrx_word' id='word_1_79' title='bbox 435 1115 501 1177; x_wconf 87' lang='lat' dir='ltr'><strong>et</strong></span> <span class='ocrx_word' id='word_1_80' title='bbox 548 1113 736 1178; x_wconf 86' lang='lat' dir='ltr'><strong>velim</strong></span> <span class='ocrx_word' id='word_1_81' title='bbox 771 1113 1144 1179; x_wconf 87' lang='lat' dir='ltr'><strong>tabellarios</strong></span> <span class='ocrx_word' id='word_1_82' title='bbox 1180 1114 1535 1179; x_wconf 74' lang='lat' dir='ltr'><strong>instituatis</strong></span> <span class='ocrx_word' id='word_1_83' title='bbox 1573 1117 1801 1199; x_wconf 79' lang='lat' dir='ltr'><strong>certos,</strong></span> <span class='ocrx_word' id='word_1_84' title='bbox 1844 1118 1920 1179; x_wconf 88' lang='lat' dir='ltr'><strong>ut</strong></span> <span class='ocrx_word' id='word_1_85' title='bbox 1962 1136 2119 1198; x_wconf 88' lang='lat' dir='ltr'><strong>quo-</strong></span> 
     </span>
     <span class='ocr_line' id='line_1_12' title="bbox 207 1200 2120 1287; baseline 0.001 -22"><span class='ocrx_word' id='word_1_86' title='bbox 207 1200 362 1265; x_wconf 86' lang='lat' dir='ltr'><strong>tidie</strong></span> <span class='ocrx_word' id='word_1_87' title='bbox 436 1201 682 1285; x_wconf 87' lang='lat' dir='ltr'><strong>aliquas</strong></span> <span class='ocrx_word' id='word_1_88' title='bbox 747 1223 786 1265; x_wconf 97' lang='lat' dir='ltr'><strong>a</strong></span> <span class='ocrx_word' id='word_1_89' title='bbox 858 1201 1041 1267; x_wconf 86' lang='lat' dir='ltr'><strong>vobis</strong></span> <span class='ocrx_word' id='word_1_90' title='bbox 1111 1202 1363 1267; x_wconf 89' lang='lat' dir='ltr'><strong>litteras</strong></span> <span class='ocrx_word' id='word_1_91' title='bbox 1436 1202 1772 1287; x_wconf 82' lang='lat' dir='ltr'><strong>accipiam3</strong></span> <span class='ocrx_word' id='word_1_92' title='bbox 1842 1203 2120 1266; x_wconf 80' lang='lat' dir='ltr'><strong>maxime</strong></span> 
     </span>
     <span class='ocr_line' id='line_1_13' title="bbox 206 1289 2120 1375; baseline 0 -21"><span class='ocrx_word' id='word_1_93' title='bbox 206 1292 422 1354; x_wconf 88' lang='lat' dir='ltr'><strong>autem</strong></span> <span class='ocrx_word' id='word_1_94' title='bbox 458 1289 605 1354; x_wconf 89' lang='lat' dir='ltr'><strong>date</strong></span> <span class='ocrx_word' id='word_1_95' title='bbox 642 1311 923 1374; x_wconf 79' lang='lat' dir='ltr'><strong>operam,</strong></span> <span class='ocrx_word' id='word_1_96' title='bbox 966 1293 1041 1355; x_wconf 88' lang='lat' dir='ltr'><strong>ut</strong></span> <span class='ocrx_word' id='word_1_97' title='bbox 1076 1291 1362 1375; x_wconf 71' lang='lat' dir='ltr'><strong>valeatiS,</strong></span> <span class='ocrx_word' id='word_1_98' title='bbox 1408 1291 1464 1357; x_wconf 90' lang='lat' dir='ltr'><strong>si</strong></span> <span class='ocrx_word' id='word_1_99' title='bbox 1498 1312 1620 1357; x_wconf 89' lang='lat' dir='ltr'><strong>nos</strong></span> <span class='ocrx_word' id='word_1_100' title='bbox 1657 1290 1853 1356; x_wconf 82' lang='lat' dir='ltr'><strong>vultis</strong></span> <span class='ocrx_word' id='word_1_101' title='bbox 1887 1292 2120 1357; x_wconf 75' lang='lat' dir='ltr'><strong>valere.</strong></span> 
     </span>
     <span class='ocr_line' id='line_1_14' title="bbox 204 1377 899 1443; baseline 0 0"><span class='ocrx_word' id='word_1_102' title='bbox 204 1396 371 1443; x_wconf 86' lang='lat' dir='ltr'><strong>vnn.</strong></span> <span class='ocrx_word' id='word_1_103' title='bbox 417 1377 563 1443; x_wconf 87' lang='lat' dir='ltr'><strong>Kal.</strong></span> <span class='ocrx_word' id='word_1_104' title='bbox 606 1377 899 1443; x_wconf 77' lang='lat' dir='ltr'><strong>Formiis,</strong></span> 
     </span>
    </p>
   </div>
   <div class='ocr_carea' id='block_1_3' title="bbox 403 1625 1924 1804">
    <p class='ocr_par' dir='ltr' id='par_1_3' title="bbox 403 1625 1924 1804">
     <span class='ocr_line' id='line_1_15' title="bbox 1073 1625 1252 1691; baseline 0 0"><span class='ocrx_word' id='word_1_105' title='bbox 1073 1625 1252 1691; x_wconf 89' lang='lat' dir='ltr'>XIX.</span> 
     </span>
     <span class='ocr_line' id='line_1_16' title="bbox 403 1745 1924 1804; baseline 0.001 -3"><span class='ocrx_word' id='word_1_106' title='bbox 403 1745 520 1802; x_wconf 82' lang='lat' dir='ltr'><strong>Ser.</strong></span> <span class='ocrx_word' id='word_1_107' title='bbox 556 1746 841 1802; x_wconf 86' lang='lat' dir='ltr'><strong>Brundisii</strong></span> <span class='ocrx_word' id='word_1_108' title='bbox 875 1746 967 1801; x_wconf 91' lang='lat' dir='ltr'><strong>IV.</strong></span> <span class='ocrx_word' id='word_1_109' title='bbox 1006 1747 1129 1801; x_wconf 87' lang='lat' dir='ltr'><strong>Kal.</strong></span> <span class='ocrx_word' id='word_1_110' title='bbox 1167 1747 1501 1803; x_wconf 86' lang='lat' dir='ltr'><strong>Decembres</strong></span> <span class='ocrx_word' id='word_1_111' title='bbox 1537 1763 1587 1803; x_wconf 77' lang='lat' dir='ltr'><strong>a.</strong></span> <span class='ocrx_word' id='word_1_112' title='bbox 1626 1765 1679 1802; x_wconf 85' lang='lat' dir='ltr'><strong>u.</strong></span> <span class='ocrx_word' id='word_1_113' title='bbox 1717 1763 1764 1804; x_wconf 84' lang='lat' dir='ltr'><strong>e.</strong></span> <span class='ocrx_word' id='word_1_114' title='bbox 1805 1752 1924 1803; x_wconf 69' lang='lat'><strong>⁷06.</strong></span> 
     </span>
    </p>
   </div>
   <div class='ocr_carea' id='block_1_4' title="bbox 562 1888 1754 1946">
    <p class='ocr_par' dir='ltr' id='par_1_4' title="bbox 562 1888 1754 1946">
     <span class='ocr_line' id='line_1_17' title="bbox 562 1888 1754 1946; baseline 0.001 -3"><span class='ocrx_word' id='word_1_115' title='bbox 562 1888 873 1944; x_wconf 83' lang='lat' dir='ltr'>TULLIUS</span> <span class='ocrx_word' id='word_1_116' title='bbox 912 1889 1334 1945; x_wconf 86' lang='lat' dir='ltr'><strong>TERENTIAE</strong></span> <span class='ocrx_word' id='word_1_117' title='bbox 1373 1889 1559 1946; x_wconf 83' lang='lat' dir='ltr'><strong>SUAE</strong></span> <span class='ocrx_word' id='word_1_118' title='bbox 1598 1889 1653 1945; x_wconf 81' lang='lat' dir='ltr'><strong>S.</strong></span> <span class='ocrx_word' id='word_1_119' title='bbox 1689 1889 1754 1945; x_wconf 90' lang='lat' dir='ltr'><strong>D.</strong></span> 
     </span>
    </p>
   </div>
   <div class='ocr_carea' id='block_1_5' title="bbox 206 1996 2123 2615">
    <p class='ocr_par' dir='ltr' id='par_1_5' title="bbox 206 1996 2123 2615">
     <span class='ocr_line' id='line_1_18' title="bbox 342 1996 2122 2065; baseline 0.001 -2"><span class='ocrx_word' id='word_1_120' title='bbox 342 1996 426 2063; x_wconf 93' lang='lat' dir='ltr'><strong>In</strong></span> <span class='ocrx_word' id='word_1_121' title='bbox 479 1998 774 2062; x_wconf 84' lang='lat' dir='ltr'><strong>maximis</strong></span> <span class='ocrx_word' id='word_1_122' title='bbox 829 1999 989 2064; x_wconf 88' lang='lat' dir='ltr'><strong>meis</strong></span> <span class='ocrx_word' id='word_1_123' title='bbox 1044 1998 1373 2064; x_wconf 89' lang='lat' dir='ltr'><strong>doloribus</strong></span> <span class='ocrx_word' id='word_1_124' title='bbox 1428 1999 1751 2064; x_wconf 81' lang='lat' dir='ltr'><strong>excruciat</strong></span> <span class='ocrx_word' id='word_1_125' title='bbox 1801 2020 1904 2065; x_wconf 91' lang='lat' dir='ltr'><strong>me</strong></span> <span class='ocrx_word' id='word_1_126' title='bbox 1951 2001 2122 2065; x_wconf 80' lang='lat' dir='ltr'><strong>vale·</strong></span> 
     </span>
     <span class='ocr_line' id='line_1_19' title="bbox 206 2084 2123 2172; baseline 0.001 -21"><span class='ocrx_word' id='word_1_127' title='bbox 206 2086 367 2152; x_wconf 90' lang='lat' dir='ltr'><strong>tudo</strong></span> <span class='ocrx_word' id='word_1_128' title='bbox 414 2085 663 2151; x_wconf 84' lang='lat' dir='ltr'><strong>Tulliae</strong></span> <span class='ocrx_word' id='word_1_129' title='bbox 708 2089 996 2171; x_wconf 89' lang='lat' dir='ltr'><strong>nostrae,</strong></span> <span class='ocrx_word' id='word_1_130' title='bbox 1051 2086 1129 2151; x_wconf 89' lang='lat' dir='ltr'><strong>de</strong></span> <span class='ocrx_word' id='word_1_131' title='bbox 1177 2109 1305 2171; x_wconf 89' lang='lat' dir='ltr'><strong>qua</strong></span> <span class='ocrx_word' id='word_1_132' title='bbox 1347 2087 1512 2151; x_wconf 86' lang='lat' dir='ltr'><strong>nihil</strong></span> <span class='ocrx_word' id='word_1_133' title='bbox 1558 2084 1657 2153; x_wconf 87' lang='lat' dir='ltr'><strong>est</strong></span> <span class='ocrx_word' id='word_1_134' title='bbox 1702 2087 1873 2172; x_wconf 90' lang='lat' dir='ltr'><strong>quod</strong></span> <span class='ocrx_word' id='word_1_135' title='bbox 1928 2088 2010 2152; x_wconf 87' lang='lat' dir='ltr'><strong>ad</strong></span> <span class='ocrx_word' id='word_1_136' title='bbox 2053 2091 2123 2153; x_wconf 87' lang='lat' dir='ltr'><strong>te</strong></span> 
     </span>
     <span class='ocr_line' id='line_1_20' title="bbox 207 2174 2120 2261; baseline 0.002 -23"><span class='ocrx_word' id='word_1_137' title='bbox 207 2175 400 2259; x_wconf 87' lang='lat' dir='ltr'><strong>plura</strong></span> <span class='ocrx_word' id='word_1_138' title='bbox 443 2175 743 2259; x_wconf 80' lang='lat' dir='ltr'><strong>scribam3</strong></span> <span class='ocrx_word' id='word_1_139' title='bbox 795 2175 916 2240; x_wconf 90' lang='lat' dir='ltr'><strong>tibi</strong></span> <span class='ocrx_word' id='word_1_140' title='bbox 961 2174 1134 2240; x_wconf 92' lang='lat' dir='ltr'><strong>enim</strong></span> <span class='ocrx_word' id='word_1_141' title='bbox 1180 2197 1381 2260; x_wconf 88' lang='lat' dir='ltr'><strong>aeque</strong></span> <span class='ocrx_word' id='word_1_142' title='bbox 1425 2196 1700 2261; x_wconf 83' lang='lat' dir='ltr'><strong>magnae</strong></span> <span class='ocrx_word' id='word_1_143' title='bbox 1747 2197 1935 2241; x_wconf 83' lang='lat' dir='ltr'><strong>curae</strong></span> <span class='ocrx_word' id='word_1_144' title='bbox 1982 2198 2120 2241; x_wconf 89' lang='lat' dir='ltr'><strong>esse</strong></span> 
     </span>
     <span class='ocr_line' id='line_1_21' title="bbox 212 2262 2120 2349; baseline 0.002 -23"><span class='ocrx_word' id='word_1_145' title='bbox 212 2265 388 2327; x_wconf 83' lang='lat' dir='ltr'><strong>certo</strong></span> <span class='ocrx_word' id='word_1_146' title='bbox 435 2263 585 2328; x_wconf 84' lang='lat' dir='ltr'><strong>seio.</strong></span> <span class='ocrx_word' id='word_1_147' title='bbox 656 2262 840 2339; x_wconf 82' lang='lat' dir='ltr'><strong>Quod</strong></span> <span class='ocrx_word' id='word_1_148' title='bbox 885 2285 986 2328; x_wconf 92' lang='lat' dir='ltr'><strong>me</strong></span> <span class='ocrx_word' id='word_1_149' title='bbox 1030 2265 1297 2349; x_wconf 89' lang='lat' dir='ltr'><strong>propius</strong></span> <span class='ocrx_word' id='word_1_150' title='bbox 1342 2264 1537 2329; x_wconf 83' lang='lat' dir='ltr'><strong>vultis</strong></span> <span class='ocrx_word' id='word_1_151' title='bbox 1574 2264 1890 2348; x_wconf 78' lang='lat' dir='ltr'><strong>accedere,</strong></span> <span class='ocrx_word' id='word_1_152' title='bbox 1933 2263 2120 2330; x_wconf 84' lang='lat' dir='ltr'><strong>video</strong></span> 
     </span>
     <span class='ocr_line' id='line_1_22' title="bbox 212 2350 2121 2436; baseline 0.002 -22"><span class='ocrx_word' id='word_1_153' title='bbox 212 2351 308 2414; x_wconf 88' lang='lat' dir='ltr'><strong>ita</strong></span> <span class='ocrx_word' id='word_1_154' title='bbox 362 2371 500 2416; x_wconf 90' lang='lat' dir='ltr'><strong>esse</strong></span> <span class='ocrx_word' id='word_1_155' title='bbox 553 2350 944 2416; x_wconf 81' lang='lat' dir='ltr'><strong>faciendum:</strong></span> <span class='ocrx_word' id='word_1_156' title='bbox 1009 2352 1205 2417; x_wconf 87' lang='lat' dir='ltr'><strong>etiam</strong></span> <span class='ocrx_word' id='word_1_157' title='bbox 1270 2355 1421 2417; x_wconf 85' lang='lat' dir='ltr'><strong>ante</strong></span> <span class='ocrx_word' id='word_1_158' title='bbox 1473 2352 1796 2436; x_wconf 83' lang='lat' dir='ltr'><strong>fecissem,</strong></span> <span class='ocrx_word' id='word_1_159' title='bbox 1853 2352 1964 2417; x_wconf 90' lang='lat' dir='ltr'><strong>sed</strong></span> <span class='ocrx_word' id='word_1_160' title='bbox 2018 2374 2121 2417; x_wconf 93' lang='lat' dir='ltr'><strong>me</strong></span> 
     </span>
     <span class='ocr_line' id='line_1_23' title="bbox 210 2439 2122 2526; baseline 0.002 -23"><span class='ocrx_word' id='word_1_161' title='bbox 210 2439 417 2504; x_wconf 86' lang='lat' dir='ltr'><strong>multa</strong></span> <span class='ocrx_word' id='word_1_162' title='bbox 468 2439 964 2525; x_wconf 82' lang='lat' dir='ltr'><strong>impediverunt,</strong></span> <span class='ocrx_word' id='word_1_163' title='bbox 1028 2462 1191 2525; x_wconf 88' lang='lat' dir='ltr'><strong>quae</strong></span> <span class='ocrx_word' id='word_1_164' title='bbox 1254 2462 1336 2505; x_wconf 91' lang='lat' dir='ltr'><strong>ne</strong></span> <span class='ocrx_word' id='word_1_165' title='bbox 1399 2461 1573 2506; x_wconf 84' lang='lat' dir='ltr'><strong>nune</strong></span> <span class='ocrx_word' id='word_1_166' title='bbox 1626 2441 1884 2525; x_wconf 89' lang='lat' dir='ltr'><strong>quidem</strong></span> <span class='ocrx_word' id='word_1_167' title='bbox 1937 2463 2122 2526; x_wconf 82' lang='lat' dir='ltr'><strong>expe-</strong></span> 
     </span>
     <span class='ocr_line' id='line_1_24' title="bbox 211 2526 2123 2615; baseline 0.001 -23"><span class='ocrx_word' id='word_1_168' title='bbox 211 2527 348 2592; x_wconf 89' lang='lat' dir='ltr'><strong>dita</strong></span> <span class='ocrx_word' id='word_1_169' title='bbox 393 2531 562 2593; x_wconf 91' lang='lat' dir='ltr'><strong>sunt.</strong></span> <span class='ocrx_word' id='word_1_170' title='bbox 646 2526 771 2594; x_wconf 83' lang='lat' dir='ltr'><strong>Sed</strong></span> <span class='ocrx_word' id='word_1_171' title='bbox 816 2551 855 2593; x_wconf 97' lang='lat' dir='ltr'><strong>a</strong></span> <span class='ocrx_word' id='word_1_172' title='bbox 899 2528 1259 2615; x_wconf 89' lang='lat' dir='ltr'><strong>Pomponio</strong></span> <span class='ocrx_word' id='word_1_173' title='bbox 1306 2533 1604 2615; x_wconf 81' lang='lat' dir='ltr'><strong>exspecto</strong></span> <span class='ocrx_word' id='word_1_174' title='bbox 1649 2531 1917 2615; x_wconf 76' lang='lat' dir='ltr'><strong>litteras,</strong></span> <span class='ocrx_word' id='word_1_175' title='bbox 1963 2552 2123 2615; x_wconf 86' lang='lat' dir='ltr'><strong>quas</strong></span> 
     </span>
    </p>
   </div>
   <div class='ocr_carea' id='block_1_6' title="bbox 211 2616 2125 2790">
    <p class='ocr_par' dir='ltr' id='par_1_6' title="bbox 211 2616 2125 2790">
     <span class='ocr_line' id='line_1_25' title="bbox 211 2616 2125 2703; baseline 0.002 -23"><span class='ocrx_word' id='word_1_176' title='bbox 211 2616 295 2681; x_wconf 87' lang='lat' dir='ltr'><strong>ad</strong></span> <span class='ocrx_word' id='word_1_177' title='bbox 338 2638 440 2681; x_wconf 93' lang='lat' dir='ltr'><strong>me</strong></span> <span class='ocrx_word' id='word_1_178' title='bbox 488 2638 681 2701; x_wconf 86' lang='lat' dir='ltr'><strong>quam</strong></span> <span class='ocrx_word' id='word_1_179' title='bbox 725 2618 1007 2702; x_wconf 90' lang='lat' dir='ltr'><strong>primum</strong></span> <span class='ocrx_word' id='word_1_180' title='bbox 1051 2617 1465 2703; x_wconf 86' lang='lat' dir='ltr'><strong>perferendas</strong></span> <span class='ocrx_word' id='word_1_181' title='bbox 1511 2639 1694 2685; x_wconf 84' lang='lat' dir='ltr'><strong>eures</strong></span> <span class='ocrx_word' id='word_1_182' title='bbox 1737 2619 1947 2685; x_wconf 75' lang='lat' dir='ltr'><strong>velim.</strong></span> <span class='ocrx_word' id='word_1_183' title='bbox 2018 2616 2125 2684; x_wconf 91' lang='lat' dir='ltr'><strong>Da</strong></span> 
     </span>
     <span class='ocr_line' id='line_1_26' title="bbox 212 2707 886 2790; baseline 0.003 -21"><span class='ocrx_word' id='word_1_184' title='bbox 212 2726 492 2790; x_wconf 88' lang='lat' dir='ltr'><strong>operam,</strong></span> <span class='ocrx_word' id='word_1_185' title='bbox 534 2709 611 2770; x_wconf 90' lang='lat' dir='ltr'><strong>ut</strong></span> <span class='ocrx_word' id='word_1_186' title='bbox 651 2707 886 2772; x_wconf 75' lang='lat' dir='ltr'><strong>valeas.</strong></span> 
     </span>
    </p>
   </div>
   <div class='ocr_carea' id='block_1_7' title="bbox 208 2931 2126 3219">
    <p class='ocr_par' dir='ltr' id='par_1_7' title="bbox 208 2931 2126 3219">
     <span class='ocr_line' id='line_1_27' title="bbox 353 2931 2126 3004; baseline -0.001 -17"><span class='ocrx_word' id='word_1_187' title='bbox 353 2931 457 3002; x_wconf 89' lang='lat' dir='ltr'><strong>Ep.</strong></span> <span class='ocrx_word' id='word_1_188' title='bbox 491 2939 574 3000; x_wconf 89' lang='lat'><strong>18,</strong></span> <span class='ocrx_word' id='word_1_189' title='bbox 607 2940 653 2987; x_wconf 91' lang='lat'><strong>1.</strong></span> <span class='ocrx_word' id='word_1_190' title='bbox 711 2934 976 2988; x_wconf 82' lang='lat' dir='ltr'><strong>commode</strong></span> <span class='ocrx_word' id='word_1_191' title='bbox 1010 2933 1074 2989; x_wconf 76' lang='lat' dir='ltr'><strong>in</strong></span> <span class='ocrx_word' id='word_1_192' title='bbox 1108 2935 1315 2990; x_wconf 76' lang='lat' dir='ltr'><strong>nostris</strong></span> <span class='ocrx_word' id='word_1_193' title='bbox 1336 2934 1585 3004; x_wconf 78' lang='lat' dir='ltr'><strong>praediis</strong></span> <span class='ocrx_word' id='word_1_194' title='bbox 1610 2949 1717 2989; x_wconf 76' lang='lat' dir='ltr'><strong>esse</strong></span> <span class='ocrx_word' id='word_1_195' title='bbox 1746 2933 1895 3002; x_wconf 87' lang='lat' dir='ltr'><strong>(W.).</strong></span> <span class='ocrx_word' id='word_1_196' title='bbox 1959 2949 2126 3001; x_wconf 77' lang='lat' dir='ltr'><strong>prae·</strong></span> 
     </span>
     <span class='ocr_line' id='line_1_28' title="bbox 209 3003 2125 3075; baseline -0.002 -16"><span class='ocrx_word' id='word_1_197' title='bbox 209 3004 324 3059; x_wconf 71' lang='lat' dir='ltr'><strong>diis</strong></span> <span class='ocrx_word' id='word_1_198' title='bbox 362 3003 490 3058; x_wconf 87' lang='lat' dir='ltr'><strong>add.</strong></span> <span class='ocrx_word' id='word_1_199' title='bbox 529 3004 643 3058; x_wconf 89' lang='lat' dir='ltr'><strong>iam</strong></span> <span class='ocrx_word' id='word_1_200' title='bbox 681 3003 765 3057; x_wconf 86' lang='lat' dir='ltr'><strong>ed.</strong></span> <span class='ocrx_word' id='word_1_201' title='bbox 803 3003 973 3059; x_wconf 87' lang='lat' dir='ltr'><strong>Basil.</strong></span> <span class='ocrx_word' id='word_1_202' title='bbox 1047 3021 1090 3059; x_wconf 81' lang='lat' dir='ltr'><strong>c.</strong></span> <span class='ocrx_word' id='word_1_203' title='bbox 1128 3009 1181 3060; x_wconf 76' lang='lat' dir='ltr'><strong>et</strong></span> <span class='ocrx_word' id='word_1_204' title='bbox 1214 3005 1278 3060; x_wconf 76' lang='lat' dir='ltr'><strong>in</strong></span> <span class='ocrx_word' id='word_1_205' title='bbox 1302 3022 1358 3060; x_wconf 74' lang='lat' dir='ltr'><strong>n.</strong></span> <span class='ocrx_word' id='word_1_206' title='bbox 1388 3022 1429 3060; x_wconf 85' lang='lat' dir='ltr'><strong>e.</strong></span> <span class='ocrx_word' id='word_1_207' title='bbox 1459 3004 1551 3071; x_wconf 68' lang='lat' dir='ltr'><strong>M„</strong></span> <span class='ocrx_word' id='word_1_208' title='bbox 1580 3005 1766 3075; x_wconf 63' lang='lat' dir='ltr'><strong>vulga</strong></span> <span class='ocrx_word' id='word_1_209' title='bbox 1842 3010 1891 3057; x_wconf 80' lang='lat'><strong>2.</strong></span> <span class='ocrx_word' id='word_1_210' title='bbox 1938 3004 2125 3071; x_wconf 65' lang='lat' dir='ltr'><strong>liceatg</strong></span> 
     </span>
     <span class='ocr_line' id='line_1_29' title="bbox 208 3073 2124 3146; baseline -0.001 -17"><span class='ocrx_word' id='word_1_211' title='bbox 208 3074 273 3129; x_wconf 75' lang='lat' dir='ltr'><strong>id</strong></span> <span class='ocrx_word' id='word_1_212' title='bbox 311 3074 459 3142; x_wconf 85' lang='lat' dir='ltr'><strong>(W.).</strong></span> <span class='ocrx_word' id='word_1_213' title='bbox 543 3075 579 3129; x_wconf 77' lang='lat'><strong>1.</strong></span> <span class='ocrx_word' id='word_1_214' title='bbox 636 3074 715 3129; x_wconf 79' lang='lat' dir='ltr'><strong>Id</strong></span> <span class='ocrx_word' id='word_1_215' title='bbox 758 3075 945 3146; x_wconf 81' lang='lat' dir='ltr'><strong>vulgo.</strong></span> <span class='ocrx_word' id='word_1_216' title='bbox 996 3103 1061 3114; x_wconf 93' lang='lat'>-</span> <span class='ocrx_word' id='word_1_217' title='bbox 1109 3077 1329 3141; x_wconf 78' lang='lat' dir='ltr'><strong>diceti8;</strong></span> <span class='ocrx_word' id='word_1_218' title='bbox 1372 3080 1423 3131; x_wconf 80' lang='lat' dir='ltr'><strong>et</strong></span> <span class='ocrx_word' id='word_1_219' title='bbox 1468 3076 1618 3145; x_wconf 86' lang='lat' dir='ltr'><strong>(W.).</strong></span> <span class='ocrx_word' id='word_1_220' title='bbox 1698 3075 1754 3130; x_wconf 81' lang='lat' dir='ltr'><strong>d.</strong></span> <span class='ocrx_word' id='word_1_221' title='bbox 1808 3073 1893 3129; x_wconf 78' lang='lat' dir='ltr'><strong>Et</strong></span> <span class='ocrx_word' id='word_1_222' title='bbox 1934 3073 2124 3144; x_wconf 76' lang='lat' dir='ltr'><strong>vulgo.</strong></span> 
     </span>
     <span class='ocr_line' id='line_1_30' title="bbox 210 3144 1705 3219; baseline 0.001 -21"><span class='ocrx_word' id='word_1_223' title='bbox 210 3144 317 3213; x_wconf 84' lang='lat' dir='ltr'><strong>Ep.</strong></span> <span class='ocrx_word' id='word_1_224' title='bbox 360 3152 440 3200; x_wconf 79' lang='lat'><strong>19.</strong></span> <span class='ocrx_word' id='word_1_225' title='bbox 514 3146 857 3212; x_wconf 76' lang='lat' dir='ltr'><strong>faciendum:</strong></span> <span class='ocrx_word' id='word_1_226' title='bbox 893 3146 1056 3201; x_wconf 79' lang='lat' dir='ltr'><strong>etiam</strong></span> <span class='ocrx_word' id='word_1_227' title='bbox 1093 3147 1245 3214; x_wconf 84' lang='lat' dir='ltr'><strong>(W.).</strong></span> <span class='ocrx_word' id='word_1_228' title='bbox 1317 3147 1360 3207; x_wconf 74' lang='lat' dir='ltr'><strong>f.</strong></span> <span class='ocrx_word' id='word_1_229' title='bbox 1406 3146 1479 3200; x_wconf 83' lang='lat' dir='ltr'><strong>E.</strong></span> <span class='ocrx_word' id='word_1_230' title='bbox 1519 3147 1705 3219; x_wconf 72' lang='lat' dir='ltr'><strong>vulgo.</strong></span> 
     </span>
    </p>
   </div>
  </div>
 </body>
</html>
