2338 3691
250 133 383 199 428
816 133 894 188 M.
932 130 1183 188 TULLII
1218 130 1600 187 CICERONIS

252 280 331 344 de
376 279 700 364 probitate
745 276 1007 361 dixisse3
1052 276 1166 342 sed
1208 279 1430 342 tamen
1475 277 1820 361 separatim
1856 278 2179 361 promitto

251 369 322 433 in
366 388 595 452 meque
641 366 880 450 recipio
917 366 1056 431 fore
1095 387 1243 430 eum
1278 365 1400 430 tibi
1436 368 1502 429 et
1537 367 1858 450 voluptati
1896 370 1962 430 et
1998 368 2179 432 113111·

250 479 406 522 nam
452 458 519 520 et
561 455 924 520 modestum
958 454 1291 519 hominem
1328 474 1681 540 cognosces
1718 457 1786 518 et
1819 455 2177 558 pudentem

253 549 320 610 et
356 567 394 608 a
431 543 780 629 cupiditate
820 544 997 609 omni
1033 542 1551 625 remotissimum,
1587 547 1920 627 praeterea
1946 546 2176 630 magni

250 633 491 697 laboris
556 636 968 716 ‘summaeque
1031 632 1405 697 industriae.
1511 630 1741 716 Neque
1814 653 1935 718 ego
2008 634 2174 698 haec

250 722 541 807 polliceri
585 721 806 805 debeo,
851 742 1016 805 quae
1060 721 1237 785 tibi
1219 722 1361 805 ipsi,
1409 742 1607 805 quum
1641 722 1808 786 bene
1850 723 2175 807 cognoris,

250 809 595 875 iudicanda
639 812 818 894 sunt3
874 810 985 875 sed
1037 811 1260 874 tamen
1313 811 1385 874 in
1431 810 1730 874 omnibus
1783 811 1971 875 novis
2018 832 2172 877 con-

249 898 691 965 iunctionibus
754 897 1052 983 interest,
1115 899 1324 982 qualis
1387 899 1633 983 primus
1697 899 1909 964 aditus
1966 900 2053 964 sit
2105 903 2174 964 et

252 1011 382 1072 qua
425 987 983 1054 commendatione
1039 988 1224 1071 quasi
1283 987 1603 1052 amicitiae
1656 987 1830 1052 fores
1876 988 2172 1090 aperian-

249 1081 384 1142 tur.
431 1077 605 1161 quod
648 1097 771 1161 ego
815 1076 920 1141 his
956 1077 1191 1141 litteris
1228 1076 1477 1141 efficere
1520 1077 1722 1160 volui3
1767 1076 1888 1141 etsi
1924 1077 2047 1141 id
2027 1099 2174 1162 ipsa

250 1188 367 1251 per
421 1188 489 1231 se
542 1165 949 1231 necessitudo
1006 1168 1389 1249 quaesturae
1447 1165 1731 1230 effecisse
1777 1165 1994 1249 debet3
2059 1167 2172 1230 sed

249 1259 474 1321 tamen
517 1254 722 1319 nihilo
768 1254 1085 1319 infirmius
1130 1254 1293 1319 illud
1335 1254 1462 1319 1100
1508 1254 1744 1319 addito.
1837 1251 2007 1319 Cura
2051 1255 2170 1341 igi-

250 1347 376 1428 tur,
421 1344 476 1409 si
522 1365 624 1408 me
668 1344 841 1407 tanti
884 1343 1065 1427 facis,
1110 1344 1339 1444 quanti
1376 1346 1442 1407 et
1476 1342 1686 1409 Varro
1736 1343 2062 1408 existimat
2105 1348 2172 1407 et

249 1433 389 1517 ipse
427 1434 654 1516 sentio,
698 1435 774 1496 ut
810 1454 1004 1516 quam
1038 1432 1320 1516 primum
1355 1432 1718 1517 intelligam
1752 1432 1923 1496 hanc
1959 1454 2171 1497 meam

252 1521 879 1588 commendationem
904 1524 1164 1585 tantum
1189 1520 1286 1585 illi
1310 1520 1609 1584 utilitatis
1638 1521 1949 1606 attulisse,
1970 1543 2171 1606 quan·

249 1614 393 1676 tum
437 1613 505 1676 et
547 1611 686 1694 ipse
733 1609 1010 1693 sperarit
1052 1630 1173 1674 nec
1220 1630 1341 1695 ego
1389 1609 1752 1674 dubitarim.

1147 1803 1263 1869 XI.

767 1916 880 1973 Ser.
938 1917 1149 1972 Romae
1206 1935 1255 1970 a.
1311 1936 1364 1970 u.
1415 1933 1461 1971 c.
1524 1923 1642 1972 703.

849 2040 1107 2096 CICERO
1137 2040 1381 2096 BRUTO
1413 2040 1564 2094 SAL.

383 2139 573 2217 Quia.
613 2163 866 2226 semper
929 2141 1355 2205 animadverti
1419 2140 1703 2206 studiose
1774 2143 1842 2205 te
1906 2163 2170 2226 operam

251 2229 434 2313 dare,
487 2234 563 2294 ut
606 2253 689 2295 ne
736 2230 891 2315 quid
934 2251 1227 2295 meorum
1271 2229 1393 2294 tibi
1438 2231 1607 2294 esset
1650 2229 1979 2314 ignotum,
2022 2252 2170 2315 pro-

250 2322 489 2421 pterea
534 2340 672 2385 non
733 2319 986 2402 dubito,
1049 2319 1209 2401 quin
1273 2318 1463 2402 scias,
1524 2339 1662 2383 non
1718 2319 1928 2384 solum
1988 2320 2171 2384 0111113

249 2407 585 2491 municipii
640 2409 788 2492 sim,
852 2407 962 2472 sed
1018 2407 1215 2471 etiam
1280 2429 1474 2491 quam
1529 2407 1872 2491 diligenter
1927 2408 2170 2472 soleam

249 2517 429 2561 meos
492 2496 848 2580 municipes
910 2495 1262 2579 Arpinates
1316 2495 1508 2560 tueri:
1572 2517 1845 2578 quorum
1911 2496 2170 2579 quidem

251 2585 470 2650 omnia
532 2584 871 2651 commoda
934 2605 1285 2667 omnesque
1357 2583 1726 2665 facultates,
1799 2583 2032 2667 quibus
2107 2589 2173 2648 et

251 2695 437 2738 sacra
481 2675 794 2739 conficere
841 2675 906 2736 et
951 2676 1128 2737 sarta
1171 2676 1345 2737 tecta
1403 2672 1658 2737 aedium
1704 2693 2034 2737 sacrarum
2079 2674 2171 2738 lo-

249 2784 597 2846 corumque
645 2761 1082 2827 communium
1136 2761 1305 2825 tueri
1351 2760 1629 2844 possint,
1689 2761 2060 2826 consistunt
2102 2763 2172 2826 in

246 2852 329 2916 iis
383 2851 837 2936 vectigalibuS,
900 2871 1063 2933 quae
1116 2849 1366 2914 habent
1422 2849 1494 2913 in
1545 2849 1880 2933 provincia
1934 2848 2173 2933 Gallia3

248 2940 331 3004 ad
377 2962 455 3004 ea
499 2939 768 3004 visenda
809 2939 1272 3023 pecuniasque,
1329 2959 1492 3022 quae
1547 2959 1588 3001 a
1634 2938 1879 3003 colonis
1935 2938 2172 3003 deben-

246 3033 382 3111 tur,
437 3029 784 3113 exigendas
840 3031 1176 3112 totamque
1230 3048 1368 3090 rem
1424 3030 1488 3090 et
1541 3027 2062 3129 cognoscendam
2108 3032 2175 3092 et

195 3140 202 3149 ·
250 3116 828 3182 administrandam
882 3117 1135 3201 legatos
1190 3115 1437 3199 equites
1482 3114 1815 3181 Romanos
1861 3116 2174 3200 misimus,

250 3199 350 3277 Q.’
368 3202 689 3269 Fufidium
735 3204 807 3281 Q.
843 3205 907 3289 f.,
951 3203 1038 3268 M.
1075 3203 1388 3269 Faucium
1426 3202 1513 3269 M.
1553 3203 1617 3288 f.,
1663 3202 1736 3279 Q.
1774 3202 2172 3270 Mamercum

392 3408 495 3478 Ep.
537 3415 622 3478 10,
651 3419 700 3466 3.
765 3415 1061 3482 pudentem
1108 3413 1319 3482 (Com.)
1403 3413 1574 3483 prud.
1611 3412 1743 3468 ΜΒ.
1839 3412 1942 3483 Ep.
1986 3420 2078 3484 11,
2122 3420 2168 3469 1.

245 3477 554 3545 Arpinates
591 3482 820 3552 (vulgo).
866 3484 1086 3556 [ΑΨ]
1124 3484 1294 3552 Bake,
1332 3483 1394 3539 B.
