2338 3691
273 150 405 214 246
841 147 917 203 Μ.
956 146 1204 201 TULLII
1239 146 1619 203 CICERONIS

271 296 526 361 litterae
569 313 709 360 non
752 294 1095 376 venerunt,
1149 295 1242 377 et,
1299 292 1428 357 nisi
1472 291 1765 359 Deiotari
1813 294 2193 360 subsecutae

274 387 515 467 essent,
577 383 649 448 in
707 403 850 447 eam
903 381 1278 466 opinionem
1342 379 1601 447 Cassius
1647 383 1690 461 †
1726 383 1970 467 veniat,
2026 406 2193 468 quae

273 472 645 557 diripuisset
705 471 872 555 ipse,
947 473 1024 535 ut
1086 470 1456 535 viderentur
1519 471 1601 535 ab
1665 471 1853 537 hoste
1917 475 2195 556 vastata,

271 561 533 626 finxisse
578 561 820 625 bellum
875 562 941 624 et
983 556 1238 623 Arabas
1281 559 1353 622 in
1397 558 1795 643 provinciam
1849 560 2192 626 immisisse

273 671 510 735 eosque
553 648 832 714 Parthos
879 669 1015 712 esse
1054 648 1308 712 senatui
1349 648 1779 714 renuntiasse:
1826 670 2023 732 quare
2066 650 2192 715 tibi

273 739 532 823 suadeo,
577 737 959 822 quicumque
1006 739 1107 801 est
1139 736 1286 800 istic
1325 738 1531 802 status
1567 758 1800 821 rerum,
1846 737 2194 823 diligenter

272 831 340 893 et
384 830 568 893 caute
612 825 989 911 perscribas,
1032 847 1116 889 ne
1163 827 1279 889 aut
1321 825 1675 890 velificatus
1715 826 1906 890 alicui
1952 826 2191 892 dicaris

200 936 235 988 s
274 921 388 982 aut
432 915 700 1000 aliquid,
760 914 931 998 quod
984 913 1255 978 referret
1309 913 1498 997 scire,
1556 914 1904 979 reticuisse.
1991 912 2056 979 N
2059 920 2201 981 unc'

272 1006 480 1070 exitus
534 1008 634 1069 est
687 1003 869 1086 anni3
931 1025 1085 1067 nam
1130 1023 1253 1087 ego
1308 1002 1428 1067 has
1471 1003 1722 1067 litteras
1778 1025 1834 1068 a.
1881 1002 1938 1067 d.
1999 1018 2187 1065 xnn.

270 1094 415 1159 Kal.
450 1092 837 1159 Decembres
874 1091 1117 1176 scripsi.
1190 1091 1390 1155 Plane
1427 1091 1593 1155 nihil
1628 1091 1813 1157 video
1852 1095 2001 1156 ante
2038 1090 2190 1156 Kal.

269 1183 607 1248 Ianuarias
653 1181 761 1267 agi
806 1202 1024 1266 posse:
1068 1181 1247 1245 nosti
1283 1179 1677 1264 Marcellum,
1722 1201 1916 1264 quam
1959 1179 2188 1245 tardus

270 1276 338 1337 et
381 1293 611 1357 parurn
657 1270 886 1334 efficax
930 1269 1032 1352 sit,
1075 1270 1359 1353 itemque
1397 1266 1654 1333 Servius
1693 1291 1886 1353 quam
1924 1272 2187 1333 cuncta-

267 1364 399 1443 tor3
458 1358 816 1426 cuiusmodi
859 1361 1051 1443 putas
1096 1357 1218 1423 hos
1266 1379 1403 1422 esse
1448 1360 1564 1422 aut
1617 1379 1809 1441 quam
1862 1357 1956 1442 id,
2010 1358 2189 1442 quod

267 1451 509 1533 nolint,
571 1448 884 1514 conficere
946 1468 1164 1531 posse,
1229 1447 1366 1532 qui,
1411 1468 1574 1530 quae
1620 1446 1920 1530 cupiunt,
1962 1449 2186 1511 tamen

266 1539 364 1603 ita
424 1537 659 1623 frigide
724 1539 955 1622 agunt,
1017 1538 1093 1600 ut
1152 1536 1327 1600 nolle
1392 1535 1878 1599 existimentur?
1975 1533 2185 1599 Novis

267 1625 758 1713 magistratibus
796 1629 1029 1708 autem,
1075 1623 1131 1688 si
1164 1622 1542 1688 Parthicum
1577 1622 1819 1687 bellum
1845 1622 1986 1706 erit,
2021 1623 2185 1689 haec

268 1737 463 1781 causa
507 1715 749 1799 primos
803 1734 1055 1777 menses
1113 1712 1481 1796 occupabit3
1538 1711 1639 1776 sin
1684 1712 1727 1790 †
1763 1715 1877 1776 aut
1939 1712 2025 1776 sit
2069 1716 2185 1777 aut

266 1825 404 1870 non
449 1803 573 1869 erit
615 1802 762 1867 istic
809 1801 1050 1866 bellum
1105 1804 1220 1866 aut
1262 1804 1520 1866 tantum
1565 1800 1713 1884 erit,
1771 1802 1847 1865 ut
1890 1822 2006 1866 vos
2068 1805 2185 1867 aut

267 1913 665 1959 successores
718 1891 935 1976 parvis
989 1890 1225 1955 additis
1281 1890 1482 1974 copiis
1536 1890 1850 1954 sustinere
1910 1890 2183 1975 possint,

267 1979 613 2047 Curionem
667 1979 852 2045 video
909 2001 976 2044 se
1024 1979 1364 2064 dupliciter
1414 1979 1828 2044 iactaturum:
1882 1979 2182 2063 primum,

265 2074 341 2136 ut
386 2068 627 2154 aliquid
655 2066 914 2134 Caesari
950 2068 1219 2152 adimat3
1265 2067 1433 2152 inde,
1474 2071 1550 2133 ut
1593 2067 1834 2151 aliquid
1870 2066 2182 2152 Pompeio

264 2159 526 2243 tribuat,
555 2158 824 2243 quodvis
853 2156 1208 2241 quamlibet
1232 2160 1428 2221 tenue
1454 2157 1925 2221 munusculum.
1986 2154 2180 2221 Paul-

264 2248 368 2313 lus
412 2269 606 2333 porro
651 2268 787 2312 non
829 2246 1112 2311 humane
1149 2246 1228 2309 de
1265 2245 1597 2330 provincia
1631 2244 1941 2329 loquitur:
1984 2244 2181 2310 huius

267 2336 604 2421 cupiditati
667 2356 1046 2401 occursurus
1119 2337 1221 2399 est
1290 2332 1570 2398 Furnius
1640 2336 1889 2416 noster;
1960 2334 2181 2417 plures

195 2444 230 2494 4
266 2425 581 2511 suspicari
622 2446 760 2489 non
803 2421 1085 2507 possum.
1173 2421 1353 2487 Haec
1398 2422 1576 2487 novi:
1624 2421 1776 2506 alia,
1822 2442 1985 2506 quae
2029 2443 2181 2507 pos-

265 2518 421 2581 sunt
464 2513 768 2597 accidere,
812 2534 949 2577 non
993 2533 1205 2577 cerno.
1287 2510 1496 2575 Multa
1539 2515 1795 2594 tempus
1841 2510 2067 2575 afferre
2114 2515 2181 2576 et

145 2659 152 2665 .
262 2605 648 2690 praeparata
693 2604 943 2667 mutare
990 2600 1149 2683 sci03
1206 2599 1318 2664 sed
1362 2600 1537 2664 intra
1579 2599 1743 2663 fines
1784 2598 1907 2664 hos
1920 2649 1939 2684 ,
1985 2620 2179 2682 quae·

265 2713 536 2777 cumque
565 2690 930 2774 acciderint,
955 2691 1304 2754 vertentur.
1375 2687 1545 2752 Illud
1574 2688 1740 2752 addo
1780 2686 1861 2752 ad
1888 2688 2178 2753 actiones

264 2779 334 2847 C.
363 2780 680 2863 CurioniS,
724 2779 801 2843 de
839 2798 997 2863 agro
1037 2776 1396 2861 Campan03
1441 2776 1518 2841 de
1565 2798 1692 2860 quo
1738 2779 1986 2861 negant
2022 2774 2177 2841 Cae-

263 2891 475 2936 sarem
517 2869 841 2951 laborare,
887 2867 998 2931 sed
1040 2864 1423 2950 Pompeium
1466 2865 1654 2930 valde
1697 2865 1888 2949 velle,
1940 2886 2023 2929 ne
2070 2884 2175 2928 va-

192 2974 227 3026 5
265 2980 421 3024 cuus
487 2956 855 3022 advenienti
919 2953 1180 3020 Caesari
1241 2956 1480 3038 pateat.
1588 2952 1774 3029 Quod
1838 2952 1920 3017 ad
1991 2955 2173 3017 tuum

264 3046 594 3112 decessum
649 3046 909 3129 attinet,
971 3043 1130 3108 illud
1183 3043 1306 3107 tibi
1359 3063 1493 3107 non
1547 3063 1812 3125 possum
1870 3040 2175 3126 polliceri,

377 3218 508 3287 Ἐς).
551 3225 633 3285 10,
661 3225 710 3272 2.
783 3224 819 3285 †
845 3220 1030 3273 veniat
1065 3217 1180 3286 <M.,
1217 3218 1349 3286 W.).
1422 3222 1642 3273 venerat
1687 3215 1830 3284 (edd.
1868 3217 2027 3282 vett„
2061 3215 2173 3281 W..)

266 3288 368 3342 aut
410 3287 657 3341 veniebat
714 3290 925 3356 (Ambr.
978 3295 1069 3356 13,
1106 3288 1191 3358 B).
1278 3293 1329 3341 3.
1385 3287 1662 3353 Serviwm,
1706 3304 1871 3358 quam
1921 3285 2067 3354 (V.)?
2104 3315 2174 3325 --

265 3358 411 3426 quod
453 3357 652 3410 nolunt
688 3359 857 3424 (W.)‘e
905 3391 972 3398 -—
1019 3358 1309 3428 occupabit
1318 3378 1338 3425 ,·
1382 3360 1473 3414 sin
1511 3358 1662 3428 (W.).
1750 3374 1797 3413 o.
1835 3356 1943 3412 sin
1985 3355 2173 3425 vulgo.

264 3427 356 3480 sin
389 3431 427 3493 †
455 3430 555 3480 aut
589 3428 663 3480 sit
699 3434 798 3481 aut
831 3445 945 3483 non
981 3429 1199 3499 (MW.).
1280 3430 1372 3484 sin
1408 3435 1587 3486 autem
1632 3434 1731 3484 aut
1766 3443 1879 3486 mn
1915 3426 2027 3496 (N.)
2074 3428 2177 3482 aut

264 3497 358 3550 sin
393 3500 495 3552 aut
528 3510 642 3551 mm
679 3496 801 3566 (B.).
875 3504 925 3553 4.
977 3500 1137 3556 valde
1168 3501 1301 3557 velle
1339 3500 1462 3570 (L.).
1533 3517 1581 3555 v.
1619 3500 1762 3556 nolle
1794 3498 1887 3554 M..
1923 3496 2107 3569 vulgo.
