2338 3691
680 112 1198 169 EPISTOLARUM
1233 112 1326 167 VI.
1367 119 1590 168 12-14.
1963 111 2090 175 183

172 258 256 324 ad
323 279 473 324 eum
537 257 927 323 difficiliores
997 257 1287 342 fuerunt,
1359 260 1426 322 et
1488 257 1679 322 simul
1742 254 2090 322 Africanae

171 367 409 412 causae
455 347 682 416 iratior
726 346 965 412 diutius
1010 346 1174 412 velle
1219 345 1472 412 videtur
1517 367 1626 412 eos
1682 345 1919 411 habere
1967 346 2090 411 sol-

172 436 417 521 licitos,
473 457 513 500 a
566 435 798 521 quibus
853 457 920 500 se
965 438 1154 519 putat
1209 434 1718 501 diuturnioribus
1772 455 1911 500 esse
1955 455 2090 500 mo-

171 524 381 589 lestiis
420 522 878 607 conflictatum,
922 523 1035 589 sed
1069 522 1195 589 hoc
1229 523 1443 608 ipsum
1479 523 1900 608 intelligimus
1945 544 2094 589 eum

174 612 469 698 quotidie
531 612 860 678 remissius
922 615 990 677 et
1048 612 1367 697 placatius
1420 612 1615 677 ferre:
1679 633 1879 696 quare
1931 612 2094 681 mihi

174 701 367 767 crede
393 737 484 749 --
514 705 593 767 et
606 701 949 767 memoriae
986 700 1227 765 manda
1250 722 1353 766 me
1380 700 1503 765 tibi
1527 701 1602 766 id·
1623 700 1978 767 affirmasse
2005 735 2092 763 -.

174 793 241 855 te
286 791 363 854 in
405 790 552 855 istis
586 789 899 895 molestiis
936 789 1176 856 diutius
1213 811 1349 856 non
1382 789 1691 857 futurum.
1755 788 2095 876 Quoniam,
2130 799 2166 849 4

175 878 337 963 quid
393 876 724 964 sentirem',
775 879 1066 963 exposui,
1129 878 1284 962 quid
1338 878 1530 944 velim
1581 882 1699 945 tua
1751 900 1971 964 causa,
2024 901 2094 945 re

177 967 405 1052 potius
451 967 787 1032 declarabo
833 989 1029 1052 quam
1075 968 1392 1033 oratione:
1438 968 1493 1031 si
1527 970 1787 1035 tantum
1820 989 2096 1053 possem,

175 1059 501 1141 quantum
544 1056 615 1120 in
661 1078 739 1121 ea
779 1077 850 1120 re
893 1056 1169 1141 publica,
1215 1056 1293 1122 de
1339 1078 1467 1141 qua
1501 1057 1596 1123 ita
1630 1079 1775 1122 sum
1796 1057 2097 1141 meritae,

177 1148 258 1209 ut
299 1148 378 1209 tu
422 1144 748 1210 existimas
758 1196 775 1229 ,
827 1166 1020 1230 posse
1072 1145 1412 1230 debebam,
1468 1167 1550 1209 ne
1604 1148 1678 1210 tu
1724 1145 1982 1230 quidem
2024 1146 2096 1211 in

175 1233 327 1299 istis
388 1233 815 1299 incommodis
877 1254 1078 1316 esses3
1151 1233 1374 1299 eadem
1438 1234 1612 1299 enim
1683 1254 1878 1299 causa
1939 1255 2095 1319 opes

174 1343 365 1386 meas
416 1322 644 1408 fregit,
705 1343 869 1407 quae
921 1325 1104 1386 tuam
1157 1323 1431 1389 salutem
1483 1322 1555 1388 in
1600 1322 1944 1389 discrimen
1988 1322 2096 1387 ad·

175 1410 397 1493 duxit3
468 1410 581 1476 sed
642 1413 890 1496 tamen,
962 1411 1271 1495 quidquid
1340 1412 1558 1497 imago
1622 1411 1855 1478 veteris
1917 1433 2097 1476 meae

177 1498 545 1584 dignitatis,
589 1499 897 1584 quidquid
940 1500 1247 1584 reliquiae
1373 1500 1540 1565 atiae
1586 1500 1920 1585 valebunt,
1965 1506 2097 1565 stu·

176 1587 384 1671 dium,
421 1587 777 1672 consilium,
813 1610 1026 1673 opera,
1065 1585 1318 1675 [gratia,
1378 1589 1538 1654 fides
1572 1611 1720 1654 mea
1744 1590 1924 1655 nullo
1952 1589 2097 1655 loco

178 1676 393 1741 deerit
436 1677 568 1741 tuis
612 1677 875 1761 optimis
908 1676 1238 1742 fratribus.
1311 1676 1412 1742 Tu
1446 1678 1553 1743 fac
1586 1678 1827 1744 habeas
1861 1678 2100 1744 fortem
2135 1688 2168 1738 5

181 1765 506 1852 animum,
568 1786 757 1851 quem
822 1787 1073 1851 semper
1124 1765 1437 1851 habuisti,
1497 1767 1779 1853 primum
1841 1767 1925 1833 ob
1988 1789 2098 1833 eas

184 1876 446 1940 causas,
492 1876 651 1939 quas
698 1855 942 1940 scripsi,
988 1855 1217 1921 deinde
1263 1856 1435 1940 quod
1481 1878 1558 1921 ea
1600 1858 1674 1922 de
1726 1878 1795 1922 re
1840 1857 2100 1942 publica

183 1965 443 2096 sempeg
495 1944 757 2009 voluisti
800 1947 994 2098 agqtsse
1040 1944 1326 2097 sensislti,
1362 1948 1455 2099 g
1497 1966 1661 2047 non·
1684 1945 1892 2048 modo·
1924 1966 2099 2099 nffic

183 2053 388 2186 {erg}
421 2054 919 2206 ζεεὲξῗΐωοιί
961 2054 1361 2187 ἓὲειιέοῗέιιῢίἓ
1391 2055 1939 2189 etni'acgrffll?
1948 2144 2098 2188 con·

179 2210 484 2276 siliorum
525 2212 804 2295 tuorum,
847 2231 1284 2296 quaecumque
1321 2211 1701 2295 acciderent,
1743 2211 2098 2278 fortissimo

178 2301 252 2363 et
292 2297 579 2365 maximo
625 2299 841 2365 animo
885 2299 1053 2364 ferre
1099 2299 1393 2367 deberem,

1055 2493 1235 2560 XIV.

253 2603 376 2659 Scr.
414 2603 627 2659 Romae
664 2621 715 2660 a.
753 2604 808 2660 d.
844 2623 899 2660 v.
934 2604 1059 2660 Kal.
1096 2605 1351 2661 intercal.
1389 2606 1604 2676 priores
1640 2622 1691 2663 a.
1727 2624 1782 2662 u.
1820 2623 1868 2663 c.
1909 2613 2027 2663 708.

840 2728 1099 2787 CICERO
1136 2729 1454 2787 LIGARIO.

318 2827 432 2893 Me
478 2827 638 2894 scito
675 2849 953 2898 ‚omnem
1005 2852 1223 2895 meum
1265 2831 1581 2914 laborem,
1635 2851 1892 2895 omnem
1952 2851 2099 2914 ope·
2140 2853 2166 2900 1

180 2939 348 3002 ram,
391 2938 630 3001 curam,
675 2917 957 2982 studium
1001 2919 1072 2983 in
1107 2921 1223 2984 tua
1259 2919 1464 2984 salute
1502 2936 1901 3002 consumere3
1945 2940 2099 2984 nam

183 3027 390 3090 quum
443 3007 509 3070 te
563 3026 817 3090 semper
859 3007 1134 3071 maxime
1180 3007 1398 3092 dilexi,
1454 3009 1596 3071 tum
1638 3007 1914 3071 fratrum
1958 3010 2099 3074 tuo·

178 3115 350 3178 rum,
396 3115 560 3178 quos
605 3113 807 3177 aeque
842 3097 1036 3178 atque
1070 3099 1137 3159 te
1176 3116 1426 3160 summa
1463 3095 1913 3161 benevolentia
1957 3118 2101 3162 sum

331 3249 437 3321 Ep.
478 3256 561 3318 13,
588 3255 640 3305 3.
716 3252 869 3307 crede
904 3282 971 3293 --
1009 3257 1060 3306 et
1096 3292 1109 3305 .
1134 3293 1145 3306 .
1169 3292 1183 3305 .
1222 3252 1527 3319 affirmasse
1553 3280 1620 3291 --
1647 3256 1698 3305 te
1727 3251 1821 3318 (W
1825 3254 1876 3320 .).
1949 3253 2102 3306 crede

181 3326 236 3375 et
273 3362 288 3376 .
311 3361 325 3375 .
349 3360 362 3374 .
400 3321 732 3389 adfirmasse,
767 3327 819 3377 te
851 3323 1040 3394 vulgo.
1115 3328 1166 3375 4.
1213 3323 1486 3376 oratione.-
1520 3322 1572 3375 si
1599 3320 1907 3389 (Mart-L).
1979 3337 2099 3373 ora-

183 3391 614 3535 ξιξκῇααΕἷᾯῗ)
626 3393 721 3519 ἲ’ΜἿ
758 3393 818 3447 Β.
868 3423 936 3434 -
980 3394 1228 3449 studium
1270 3391 1540 3459 officium,
1589 3391 1876 3446 consilium
1917 3405 2102 3458 opera,
