2338 3691
93 3572 127 3592 h.

235 196 319 261 86
798 195 871 251 Μ.
911 194 1157 251 TULLII
1197 194 1578 251 CICERONIS

235 343 552 429 permulto
600 346 750 406 ante
805 340 1037 407 certior
1090 340 1301 406 factus
1348 362 1522 405 eram
1567 340 1828 425 litteriS,
1883 339 2155 425 nuntiiS,

235 432 410 496 fama
456 430 728 515 denique
781 431 923 515 ipsa
969 466 1052 477 -
1098 430 1263 494 nihil
1310 430 1481 494 enim
1525 428 1651 494 fuit
1698 429 1959 513 elanus,
2014 451 2153 495 non

238 541 365 603 quo
413 520 750 604 quisquam
795 519 981 583 aliter
1026 521 1344 604 putasset,
1390 518 1501 583 sed
1547 518 1710 583 nihil
1756 518 1833 583 de
1879 518 2151 604 insigni-

208 608 359 672 ffibus
405 608 486 671 ad
530 608 787 673 laudem
830 608 983 672 viris
1031 607 1297 673 obscure
1342 606 1631 671 nuntiari
1677 608 1842 672 solet
1886 643 2000 691 —,
2057 611 2154 672 ta-

238 718 388 761 men
432 696 654 762 eadem
699 697 811 761 illa
854 695 1126 761 laetiora
1161 696 1454 761 fecerunt
1489 695 1649 759 mihi
1684 699 1834 760 tuae
1877 695 2156 779 litterae,

237 805 373 851 non
437 786 646 850 solum
710 786 861 869 quia
931 784 1188 870 planius
1261 784 1692 868 loquebantur
1765 788 1830 849 et
1890 784 2155 849 uberius

241 887 434 958 quam
488 874 667 960 vulgi
712 895 949 957 sermo,
1014 872 1124 938 sed
1180 873 1375 938 etiam
1420 873 1571 957 quia
1625 874 1832 959 magis
1887 873 2156 937 videbar

239 962 360 1026 tibi
424 963 761 1049 gratulari,
826 984 1023 1047 quum
1077 961 1154 1026 de
1208 965 1273 1026 te
1338 984 1415 1026 ex
1466 965 1532 1026 te
1591 962 1736 1045 ipso
1794 961 2156 1027 audiebam.

241 1049 625 1136 Complexus
661 1052 861 1138 igitur
896 1072 1040 1115 sum
1079 1050 1471 1136 cogitatione
1511 1053 1576 1115 te
1615 1051 1974 1134 absentem3
2022 1052 2156 1135 epi-

243 1142 476 1206 stolam
530 1162 679 1206 vero
727 1141 1051 1205 osculatus
1061 1189 1079 1223 ,
1132 1138 1329 1203 etiam
1382 1139 1519 1223 ipse
1573 1139 1732 1203 mihi
1789 1141 2157 1224 gratulatus

244 1251 412 1313 sum3
458 1250 619 1313 quae
667 1230 838 1294 enim
882 1250 925 1293 a
970 1230 1201 1293 cuncto
1239 1229 1500 1312 popu10,
1546 1249 1585 1291 a
1623 1232 1868 1311 senatu,
1916 1250 1955 1292 a
1990 1228 2156 1293 iudi·

243 1319 422 1383 cibus
476 1318 766 1404 ingenio,
818 1316 1199 1401 industriae,
1229 1316 1477 1381 virtuti
1537 1316 1954 1420 tribuuntur,
2004 1318 2158 1401 quia

243 1408 404 1472 mihi
447 1407 584 1491 ipse
640 1409 935 1471 assentor
986 1399 1289 1507 fortasse,
1354 1426 1551 1488 quum
1613 1426 1689 1469 ea
1745 1426 1881 1470 esse
1935 1406 2007 1470 in
2053 1428 2157 1470 me

243 1496 439 1582 fingo,
485 1495 644 1560 mihi
691 1516 944 1579 quoque
990 1494 1113 1578 ipsi
1159 1494 1357 1558 tribui
1402 1496 1579 1577 puto.
1651 1492 1791 1558 Nec
1836 1498 1972 1559 tam
2018 1495 2155 1581 glo·

244 1585 485 1649 riosum
532 1584 774 1648 exitum
833 1583 931 1647 tui
984 1582 1202 1646 iudicii
1256 1582 1602 1667 exstitisse,
1657 1582 1768 1647 sed
1821 1586 1956 1648 tam
2012 1605 2156 1667 pra-

244 1694 393 1737 vam
453 1672 860 1737 inimicorum
921 1674 1182 1736 tuorum
1243 1673 1526 1746 mentem
1595 1670 1795 1736 fuisse
1857 1669 2155 1737 mirabar.

243 1759 377 1845 „De
433 1760 679 1825 ambitu
733 1781 911 1843 vero,
975 1759 1129 1843 quid
1173 1758 1503 1844 interest“,
1558 1759 1836 1845 inquies,
1898 1782 2021 1845 „an
2078 1761 2156 1825 de

246 1847 670 1914 maiestate?“
723 1848 804 1914 ad
849 1869 986 1913 rem
1030 1849 1223 1933 nihi13
1278 1851 1551 1914 alterum
1596 1850 1768 1915 enim
1827 1871 1962 1915 non
2010 1850 2156 1915 atti-

249 1939 420 2024 gisti,
465 1939 735 2002 alteram
781 1937 1040 2021 auxisti3
1087 1941 1531 2003 verumtamen
1575 1959 1649 2003 ea
1692 1939 1791 2003 est
1835 1940 2158 2023 maiestaS,

247 2029 323 2092 ut
377 2025 555 2092 Sulla
608 2027 838 2111 voluit,
902 2030 977 2091 ut
1028 2027 1098 2090 in
1154 2027 1443 2111 quemvis
1497 2027 1758 2112 impune
1814 2027 2157 2093 declamari

246 2116 487 2198 liceret,
531 2115 811 2180 ambitus
859 2137 1008 2181 vero
1046 2115 1140 2179 ita
1177 2119 1466 2199 apertam
1500 2116 1632 2180 vim
1667 2116 1882 2201 habet,
1927 2120 2001 2181 ut
2046 2119 2159 2181 aut

251 2207 583 2269 accusetur
624 2204 915 2288 improbe
962 2207 1076 2268 aut
1133 2203 1539 2287 defendatur3
1595 2205 1705 2288 qui
1759 2206 1930 2270 enim
1983 2205 2159 2270 facta

251 2296 364 2357 aut
424 2315 561 2358 non
631 2293 806 2357 facta
877 2292 1137 2378 largitio
1210 2293 1497 2378 ignorari
1568 2293 1826 2377 potest?
1897 2296 2158 2359 tuorum

252 2385 467 2446 autem
510 2381 830 2447 honorum
868 2403 1090 2446 cursus
1129 2381 1232 2445 cui
1268 2384 1602 2466 suspectus
1638 2400 1945 2466 umquam
1988 2381 2158 2447 fuit?

251 2469 356 2534 Me
402 2470 722 2553 miserum,
768 2471 879 2554 qui
922 2492 1058 2535 non
1104 2469 1417 2535 affuerim!
1465 2491 1627 2554 quos
1674 2491 1795 2556 ego
1842 2471 2009 2536 risus
2056 2493 2159 2536 ex·

253 2558 573 2624 citassem!
666 2556 790 2622 Sed
847 2558 923 2622 de
968 2558 1323 2623 maiestatis
1379 2558 1613 2624 iudicio
1662 2558 1787 2625 duo
1843 2556 2003 2624 mihi
2048 2560 2161 2624 illa

254 2670 332 2713 ex
374 2647 504 2712 tuis
556 2646 790 2710 litteris
843 2646 1302 2711 iucundissima
1353 2646 1641 2712 fuerunt:
1704 2669 1933 2733 unum,
1989 2649 2160 2733 quod

253 2741 318 2802 te
365 2736 444 2800 ab
489 2735 632 2820 ipsa
684 2756 753 2799 re
807 2734 1065 2819 publica
1120 2735 1454 2800 defensum
1500 2736 1724 2801 scribis
1733 2787 1752 2821 ,
1805 2758 1968 2821 quae
2026 2738 2160 2822 qui-

255 2827 403 2890 dem
454 2825 648 2889 etiam
700 2824 772 2887 in
827 2845 1076 2888 summa
1119 2824 1440 2889 bonorum
1495 2829 1560 2889 et
1612 2825 1879 2891 fortium
1927 2826 2163 2892 civium

198 2920 204 2929 '
257 2914 442 2998 copia
495 2913 661 2978 tueri
715 2913 877 2978 tales
932 2913 1102 2978 viros
1150 2913 1435 2997 deberet,
1488 2934 1663 2978 nunc
1709 2936 1859 2980 vero
1907 2936 1983 2980 eo
2032 2937 2163 2980 ma·

256 3003 381 3087 gis,
435 3002 607 3086 quod
659 3004 845 3066 tanta
898 3002 1168 3086 penuria
1232 3004 1330 3067 est
1387 3001 1457 3065 in
1512 3002 1688 3067 omni
1740 3002 1841 3068 vel
1895 3004 2165 3070 honoris

255 3091 357 3154 vel
403 3090 631 3156 aetatis
677 3090 900 3175 gradu,
943 3094 1017 3155 ut
1059 3094 1196 3156 tam
1242 3090 1400 3156 orba
1444 3090 1669 3156 civitas
1707 3093 1869 3157 tales
1915 3095 2166 3158 tutores

258 3177 595 3261 complecti
640 3178 893 3263 debeat3
948 3179 1247 3264 alterum,
1302 3178 1473 3264 quod
1517 3178 1808 3264 Pompeii
1866 3184 1933 3246 et
1977 3180 2168 3247 Bruti

399 3331 503 3401 Ep.
537 3339 618 3399 11,
651 3339 696 3386 1.
761 3337 1030 3402 permulto
1069 3336 1191 3404 (1)..)
1256 3337 1590 3405 permultum
1616 3337 1707 3406 Μ.
1738 3337 1924 3408 vulgo.
2000 3343 2050 3393 2.
2082 3355 2168 3394 as-

257 3407 438 3457 sentor
483 3402 626 3469 (edd.
674 3406 848 3474 vett).
950 3409 1229 3463 adsentior
1272 3407 1401 3462 ΜΒ.
1460 3437 1526 3448 -—
1582 3409 1679 3478 qui
1732 3409 1874 3463 enim
1929 3408 2166 3551 (wizo).

209 3508 215 3521 2
258 3470 403 3542 quod
438 3487 479 3526 e.
516 3472 589 3526 M
679 3474 939 3542 quomodo
975 3478 1118 3532 enim
1154 3476 1325 3547 (W.)‘.›
1364 3507 1429 3518 —
1466 3479 1619 3544 facta
1654 3483 1754 3534 aut
1788 3493 1902 3534 non
1944 3478 1985 3547 f

257 3543 774 3610 fietnonfiMB.
