2338 3691
668 109 1188 165 EPISTOLARUM
1222 109 1316 164 IX.
1356 115 1582 163 22-24.
1952 108 2079 172 291

177 253 401 338 eh'am3
452 275 589 320 non
634 255 804 319 enim
851 255 1128 319 arbitror
1174 276 1398 320 cocum
1456 254 1649 318 etiam
1693 257 1758 318 te
1805 253 2087 318 arthriti-

177 364 325 407 cum
368 342 624 408 habere.
721 342 1046 445 Exspecta
1097 343 1297 428 igitur
1338 343 1663 428 hospitem
1722 365 1920 426 quum
1972 343 2087 406 mi-

177 433 353 496 nime
398 431 676 516 edacem,
719 437 860 497 tum
904 432 1236 497 immicum
1283 433 1500 498 coenis
1546 432 1956 536 sumptuosis,

1009 625 1251 693 XXIV.

325 739 438 794 Scr.
475 738 686 795 Romae
723 741 958 794 exeunte
993 755 1184 795 mense
1220 740 1526 795 Februario
1563 755 1611 793 a.
1651 758 1704 794 u.
1744 758 1789 794 c.
1831 746 1948 793 711.

767 862 1023 919 CICERO
1060 862 1306 931 PAETO
1344 863 1396 918 S.
1434 864 1500 919 D.

316 963 561 1028 Rufum
596 964 812 1048 istum,
857 964 1131 1035 amicum
1168 968 1372 1047 tuum,
1417 964 1493 1029 de
1531 986 1658 1048 quo
1694 964 1929 1029 iterum
1962 964 2093 1028 iam
2133 977 2160 1024 1

183 1053 266 1117 ad
310 1074 414 1116 me
453 1053 697 1136 scribis,
741 1053 1126 1137 adiuvarem,
1174 1056 1488 1138 quantum
1522 1075 1797 1138 possem,
1841 1053 2094 1117 etiamsi

184 1142 266 1206 ab
315 1163 391 1205 eo
437 1142 649 1206 laesus
696 1163 928 1227 essem,
983 1164 1182 1227 quum
1226 1146 1292 1207 te
1335 1144 1522 1207 tanto
1576 1163 1768 1226 opere
1813 1141 2095 1206 viderem

183 1231 322 1295 eius
370 1250 564 1295 causa
607 1230 926 1314 laborare3
982 1253 1181 1315 quum
1235 1253 1385 1296 vero
1442 1233 1508 1295 et
1551 1252 1630 1295 ex
1679 1231 1811 1294 tuis
1862 1229 2096 1293 litteris

185 1322 253 1383 et
311 1340 390 1383 ex
449 1319 622 1384 illius
687 1319 768 1383 ad
830 1341 934 1384 me
996 1320 1211 1384 missis
1273 1320 1635 1404 intelligam
1698 1321 1765 1382 et
1823 1318 2097 1382 iudicem

186 1428 462 1492 magnae
508 1429 698 1472 curae
744 1408 803 1472 ei
840 1408 1114 1473 salutem
1153 1430 1365 1473 meam
1399 1409 1618 1492 fuisse,
1663 1429 1797 1472 non
1832 1428 2098 1491 possum

188 1497 248 1560 ei
291 1517 428 1561 non
482 1497 725 1561 amicus
783 1517 948 1580 esse,
1001 1518 1211 1581 neque
1265 1499 1473 1562 solum
1525 1500 1640 1561 tua
1694 1494 2098 1562 commenda·

188 1585 387 1669 tione,
431 1607 595 1669 quae
620 1585 804 1669 'apud
848 1606 972 1670 me,
1015 1587 1090 1650 ut
1125 1584 1332 1670 debet,
1368 1587 1543 1651 valet
1575 1585 1941 1669 plurimum,
1987 1583 2099 1648 sed

192 1675 386 1738 etiam
449 1674 783 1739 voluntate
849 1695 924 1737 ac
985 1673 1221 1738 iudicio
1286 1696 1448 1739 meo.
1563 1673 1735 1739 Volo
1800 1673 1972 1738 enim
2033 1676 2098 1736 te

192 1762 379 1848 scire,
440 1763 532 1826 mi
584 1761 807 1848 Paete,
869 1762 1128 1826 initium
1181 1763 1342 1827 mihi
1397 1763 1779 1848 suspicionis
1835 1766 1902 1827 et
1954 1783 2098 1826 cau-

191 1852 390 1917 tionis
436 1855 502 1917 et
546 1852 915 1937 diligentiae
961 1850 1159 1917 fuisse
1206 1853 1456 1917 litteras
1500 1857 1675 1937 tuas,
1721 1853 1953 1937 quibus
1998 1852 2100 1916 lit-

193 1941 348 2005 teris
414 1943 842 2026 congruentes
896 1942 1164 2006 fuerunt
1224 1942 1387 2006 aliae
1445 1945 1674 2026 postea
1724 1942 2099 2007 multorum:

193 2050 347 2094 nam
402 2032 468 2094 et
519 2028 765 2113 Aquini
817 2034 884 2094 et
934 2028 1347 2094 Fabrateriae
1411 2030 1683 2095 consilia
1736 2033 1889 2094 sunt
1938 2030 2104 2094 inita

196 2118 274 2183 de
319 2140 451 2203 me,
505 2140 668 2202 quae
720 2122 786 2183 te
841 2118 1026 2184 video
1071 2119 1425 2203 inaudisse,
1478 2122 1569 2203 et,
1623 2119 1806 2203 quasi
1860 2118 2103 2182 divina-

195 2212 360 2291 rent,
405 2229 598 2291 quam
641 2208 721 2272 iis
766 2208 1077 2272 molestus
1123 2229 1331 2273 essem
1373 2208 1657 2291 futurus,
1710 2207 1877 2271 nihil
1930 2205 2104 2271 aliud

195 2298 497 2381 egerunt,
557 2295 685 2360 nisi
737 2318 839 2360 me
902 2300 979 2362 ut
1032 2298 1495 2381 opprimerent3
1559 2296 1731 2380 quod
1786 2317 1907 2381 ego
1970 2317 2106 2359 non

198 2385 535 2468 suspicans
596 2385 916 2450 incautior
975 2384 1270 2469 fuissem,
1332 2385 1459 2449 nisi
1517 2407 1557 2449 a
1608 2387 1673 2449 te
1739 2384 2105 2449 admonitus

198 2494 431 2556 essem3
478 2474 894 2556 quamobrem
936 2473 1058 2537 iste
1103 2478 1256 2538 tuus
1302 2474 1546 2538 amicus
1584 2473 1754 2557 apud
1800 2494 1902 2537 me
1938 2493 2106 2537 com-

197 2561 609 2626 mendatione
646 2582 781 2626 non
817 2566 982 2647 eget.
1053 2561 1323 2627 Utinam
1362 2583 1439 2627 ea
1471 2563 1736 2626 fortuna
1771 2562 1864 2626 rei
1900 2560 2106 2645 publi-

199 2672 312 2715 cae
359 2651 470 2735 sit,
515 2653 591 2714 ut
631 2650 738 2714 ille
784 2651 827 2729 ’ἶ-
863 2672 1079 2714 meum
1124 2651 1566 2735 gratissimum
1618 2651 1826 2734 possit
1871 2670 2106 2735 cogno-

200 2741 400 2804 scere!
505 2736 629 2803 Sed
691 2738 851 2803 haec
913 2739 1245 2803 hactenus,
1349 2739 1441 2804 Te
1505 2740 1586 2804 ad
1650 2760 1882 2804 coenas
1945 2738 2108 2801 itare
2145 2757 2177 2806 2

200 2828 441 2893 desisse
497 2828 763 2892 moleste
817 2827 985 2911 fer03
1037 2849 1280 2913 magna
1334 2829 1504 2892 enim
1558 2830 1622 2892 te
1688 2828 2109 2892 delectatione

198 2921 265 2981 et
310 2917 642 3000 voluptate
688 2916 986 3000 privasti3
1040 2916 1268 2981 deinde
1315 2918 1510 2981 etiam
1563 2938 1786 2981 vereor
1829 2952 1917 2961 —
1960 2916 2112 2978 licet

199 3006 373 3070 enim
419 3026 642 3069 verum
688 3004 895 3069 dicere
940 3041 1055 3089 —,
1099 3027 1182 3069 ne
1229 3006 1445 3070 nescio
1494 3004 1645 3089 quid
1699 3004 1886 3087 illud,
1940 3003 2110 3087 quod

200 3094 483 3178 solebas,
557 3093 846 3158 dediscas
910 3096 979 3158 et
1041 3094 1446 3179 obliviscare,
1510 3094 1811 3159 coenulas
1874 3092 2112 3177 facere;

342 3321 445 3392 Ep
486 3328 649 3390 24,1.
724 3323 816 3377 ille
850 3326 887 3389 †
922 3338 1096 3377 meum
1133 3322 1283 3390 (W..)
1374 3322 1467 3377 ille
1512 3338 1594 3375 me
1644 3322 1777 3404 (W.)
1824 3322 1924 3374 aut
1957 3322 1995 3373 i.
2032 3334 2114 3372 me

197 3409 374 3447 unum
391 3340 516 3462 (B.)
554 3394 654 3448 aut
688 3393 725 3447 i.
764 3408 846 3448 me
871 3394 1112 3448 omnium
1140 3393 1273 3475 (W.)
1312 3394 1413 3446 aut
1446 3393 1483 3445 i.
1522 3408 1604 3446 me
1637 3393 1818 3445 virum
1846 3390 1978 3457 (W.)
2014 3390 2114 3441 aut

197 3465 239 3518 i.
267 3480 350 3519 me
374 3465 640 3520 homonem
669 3463 778 3533 (W.
781 3467 818 3535 ).
876 3471 924 3521 2.
954 3464 1230 3535 privasti;
1256 3464 1308 3519 d.
1337 3463 1487 3533 (W.)
1542 3479 1635 3531 pr.
1681 3461 1898 3516 Deinde
1923 3458 2111 3525 vulgo,

1584 3550 1691 3606 19*
