2338 3691
99 3578 145 3606 h

203 138 288 201 92
758 117 841 193 Μ.
880 135 1126 193 TULLII
1164 133 1547 192 clcERoms
1999 173 2032 200 .

205 306 456 369 semper
501 284 785 369 coluisti,
838 286 1184 368 praecepta
1224 284 1292 347 te
1335 282 1616 369 fugiunt.
1705 281 1922 367 Atque
1975 283 2113 368 ipse

205 378 398 438 antea
441 372 523 437 ad
567 377 633 438 te
681 373 1078 457 scripsissem
1123 375 1189 437 te
1233 371 1478 437 frustra
1519 373 1591 436 in
1638 376 1934 436 senatum
1982 373 2115 437 sive

204 462 420 547 potius
463 461 535 526 in
580 465 969 527 conventum
1016 464 1390 527 senatorum
1435 482 1573 525 esse
1618 463 1991 545 venturum,
2045 461 2116 526 ni

205 551 448 615 veritus
492 572 726 635 essem,
777 572 860 615 ne
914 552 1051 616 eius
1107 550 1396 616 animum
1451 549 1866 635 offenderem,
1920 550 2030 634 qui
2078 572 2117 614 a

203 660 325 724 me,
367 643 444 704 ut
485 642 551 704 te
594 640 901 723 imitarer,
943 640 1231 724 petebat:
1278 639 1380 704 cui
1426 638 1682 723 quidem
1730 659 1870 724 ego,
1916 660 2116 723 quum

202 749 306 792 me
350 732 636 814 rogaret,
690 732 764 794 ut
819 727 1109 793 adessem
1162 728 1234 792 in
1289 730 1544 811 senatu,
1599 726 1822 791 eadem
1879 727 2119 812 omnia,

204 838 367 901 quae
432 839 473 882 a
532 821 598 882 te
662 817 740 882 de
803 839 959 902 pace
1023 820 1090 881 et
1159 816 1238 881 de
1300 815 1636 901 Hispaniis
1712 815 1884 879 dicta
1947 819 2120 900 sunt,

206 905 461 970 ostendi
512 927 617 970 me
663 927 800 971 esse
847 905 1188 971 dicturum.
1277 904 1406 969 Res
1451 904 1628 969 vides
1676 904 2000 989 quomodo
2050 926 2119 969 se

202 993 467 1059 habeat:
524 994 746 1060 orbem
790 998 1108 1059 terrarum
1152 993 1440 1078 imperiis
1487 993 1846 1058 distributis
1894 993 2119 1058 ardere

203 1082 407 1167 bello;
458 1084 683 1148 urbem
732 1083 871 1148 sine
915 1082 1167 1168 legibus
1178 1133 1196 1166 ,
1254 1082 1393 1147 sine
1445 1081 1723 1164 iudiciis,
1778 1081 1915 1147 sine
1959 1082 2118 1166 iure,

206 1172 343 1236 sine
405 1171 531 1237 fide
595 1172 882 1237 relictam
926 1171 1295 1256 'direptioni
1357 1175 1425 1236 et
1484 1170 1825 1235 incendiis:
1898 1171 2115 1256 itaque

203 1260 365 1325 mihi
398 1261 616 1326 venire
652 1262 723 1325 in
758 1264 1042 1326 mentem
1080 1260 1246 1324 nihil
1272 1262 1490 1344 potest
1522 1281 1660 1324 non
1694 1259 1908 1344 mod0,
1944 1261 2114 1344 quod

205 1370 474 1435 sperem,
496 1347 623 1415 'sed
649 1350 774 1434 vix,
812 1350 943 1415 iam
972 1348 1141 1434 quod
1173 1348 1442 1414 audeam
1472 1351 1722 1433 optare3
1768 1348 1870 1412 sin
1898 1352 2114 1414 autem

201 1438 349 1523 tibi,
403 1439 654 1504 homini
707 1438 1237 1523 prudentissimo,
1292 1437 1544 1502 videtur
1595 1437 1753 1501 utile
1810 1458 1947 1501 esse
1992 1459 2117 1503 nos

204 1527 510 1611 colloqui,
574 1547 962 1611 quamquam
1023 1526 1284 1611 longius
1349 1526 1544 1590 etiam
1608 1524 1975 1610 cogitabam
2034 1527 2116 1591 ab

202 1615 361 1679 urbe
391 1614 732 1699 discedere,
769 1616 947 1680 cuius
974 1615 1106 1679 iam
1143 1616 1340 1680 etiam
1369 1635 1607 1679 nomen
1633 1614 1875 1678 invitus
1905 1614 2117 1700 audin,

202 1706 423 1767 tamen
467 1703 732 1788 propius
787 1702 1112 1788 accedam,
1158 1703 1590 1788 Trebatioque
1634 1702 1967 1787 mandavi,
2027 1709 2120 1788 ut,

206 1791 261 1856 si
308 1790 461 1876 quid
505 1796 579 1856 tu
626 1813 772 1857 eum
820 1792 1013 1857 velles
1060 1791 1142 1857 ad
1188 1814 1290 1858 me
1327 1792 1600 1878 mittere,
1643 1813 1726 1857 ne
1774 1797 2120 1877 recusaret,

202 1879 393 1964 idque
439 1883 514 1944 ut
555 1880 760 1945 facias
797 1882 991 1946 velim
1028 1885 1141 1946 aut
1187 1881 1242 1946 si
1289 1904 1479 1967 quem
1523 1885 1784 1947 tuorum
1828 1881 2115 1946 fidelium

204 1968 397 2054 voles,
444 1968 525 2033 ad
570 1990 673 2033 me
718 1970 967 2054 mittas,
1010 1991 1093 2034 ne
1140 1974 1255 2035 aut
1297 1970 1419 2035 tibi
1464 1970 1634 2035 exire
1680 1992 1757 2035 ex
1801 1970 1960 2035 urbe
2005 1992 2118 2035 ne-

204 2078 377 2122 cesse
417 2057 501 2121 sit
537 2060 652 2122 aut
678 2058 839 2122 mihi
877 2057 1193 2124 accedere.
1264 2058 1409 2144 Ego
1437 2062 1696 2124 tantum
1731 2058 1852 2123 tibi
1879 2059 2120 2142 tribu0,

203 2148 517 2230 quantum
571 2146 732 2211 mihi
784 2147 1060 2211 fortasse
1107 2168 1369 2233 arrogo,
1421 2151 1497 2212 ut
1555 2148 1955 2233 exploratum
2000 2147 2118 2212 ha-

202 2232 407 2318 beam,
453 2234 760 2319 quidquid
796 2257 917 2301 nos
956 2237 1284 2301 communi
1319 2237 1643 2301 sententia
1679 2237 2120 2322 statuerimus,

201 2321 267 2386 id
313 2343 538 2388 omnes
582 2323 879 2389 homines
923 2324 1329 2409 probaturos.
1416 2323 1599 2391 Vale.

1107 2535 1191 2601 H.

202 2645 314 2700 ser.
337 2609 414 2701 'in
452 2645 700 2701 Cumano
739 2649 975 2703 exeunte
1011 2664 1202 2702 mense
1231 2647 1422 2775 ,affin
1472 2649 1542 2717 (a.
1582 2648 1636 2704 d.
1673 2649 1767 2704 111.
1807 2648 1872 2703 K.
1909 2647 2116 2733 Maias)

962 2734 1010 2772 a·
1049 2736 1103 2772 U·
1141 2737 1188 2774 0.
1335 2761 1348 2773 .

579 2839 656 2896 M.
695 2838 954 2896 CICERO
993 2841 1046 2896 S.
1085 2842 1150 2897 D.
1192 2843 1343 2898 SER.
1385 2842 1726 2898 SULPICIO.

332 2937 412 3003 A.
459 2939 519 3005 d.
566 2953 667 3002 111·
713 2939 858 3006 Kal.
902 2940 1110 3006 Maias
1166 2964 1364 3028 quum
1418 2965 1624 3009 essem
1678 2944 1749 3008 in
1803 2940 2117 3028 Cuman0,

200 3027 416 3111 accepi
461 3031 609 3094 tuas
654 3028 924 3114 litteras,
969 3031 1201 3115 quibus
1240 3030 1422 3097 lectis
1460 3033 1737 3118 cognovi
1781 3053 1917 3097 non
1954 3033 2117 3096 satis

200 3112 550 3198 prudenter
612 3115 839 3182 fecisse
894 3117 1341 3205 Philotimum,
1405 3121 1541 3205 qui,
1605 3142 1802 3205 quum
1866 3120 1981 3184 abs
2045 3123 2116 3185 te

198 3200 509 3266 mandata
543 3202 829 3289 haberet,
873 3210 949 3271 ut
984 3208 1227 3292 scribis,
1272 3207 1349 3272 de
1387 3209 1685 3273 omnibus
1720 3207 1929 3294 rebus,
1972 3209 2116 3293 ipse

341 3408 447 3477 Ep.
491 3415 538 3476 1,
571 3414 616 3464 1.
691 3426 801 3480 eqo,
837 3429 1003 3480 quum
1040 3431 1121 3468 me
1157 3415 1287 3486 (V.).
1363 3432 1457 3487 eqo
1493 3434 1697 3473 mecum
1731 3433 1812 3472 me
1845 3416 1922 3471 M.
1994 3432 2115 3486 eqo·

199 3482 304 3532 met
359 3494 479 3531 cum
513 3495 595 3534 me
634 3479 694 3533 B.
