<?xml version="1.0" encoding="UTF-8"?>
<!DOCTYPE html PUBLIC "-//W3C//DTD XHTML 1.0 Transitional//EN"
    "http://www.w3.org/TR/xhtml1/DTD/xhtml1-transitional.dtd">
<html xmlns="http://www.w3.org/1999/xhtml" xml:lang="en" lang="en">
 <head>
  <title>
</title>
<meta http-equiv="Content-Type" content="text/html;charset=utf-8" />
  <meta name='ocr-system' content='tesseract 3.04.00' />
  <meta name='ocr-capabilities' content='ocr_page ocr_carea ocr_par ocr_line ocrx_word'/>
</head>
<body>
  <div class='ocr_page' id='page_1' title='image "./scriptaquaemans02wesegoog_0647.png"; bbox 0 0 2338 3691; ppageno 0'>
   <div class='ocr_carea' id='block_1_1' title="bbox 492 123 2135 229">
    <p class='ocr_par' dir='ltr' id='par_1_1' title="bbox 492 123 2135 229">
     <span class='ocr_line' id='line_1_1' title="bbox 492 123 2135 229; baseline 0.002 -11"><span class='ocrx_word' id='word_1_1' title='bbox 492 163 1009 220; x_wconf 83' lang='lat' dir='ltr'><strong>EPISTOLARUM</strong></span> <span class='ocrx_word' id='word_1_2' title='bbox 1046 164 1143 218; x_wconf 86' lang='lat' dir='ltr'><strong>AD</strong></span> <span class='ocrx_word' id='word_1_3' title='bbox 1182 163 1243 229; x_wconf 87' lang='lat' dir='ltr'><strong>Q.</strong></span> <span class='ocrx_word' id='word_1_4' title='bbox 1284 155 1653 219; x_wconf 78' lang='lat' dir='ltr'><strong>FRATREM</strong></span> <span class='ocrx_word' id='word_1_5' title='bbox 1686 166 1778 220; x_wconf 86' lang='lat'><strong>111.</strong></span> <span class='ocrx_word' id='word_1_6' title='bbox 1820 171 1868 220; x_wconf 79' lang='lat'><strong>2.</strong></span> <span class='ocrx_word' id='word_1_7' title='bbox 2004 123 2135 227; x_wconf 75' lang='lat'><strong>629</strong></span> 
     </span>
    </p>
   </div>
   <div class='ocr_carea' id='block_1_2' title="bbox 203 309 2192 1722">
    <p class='ocr_par' dir='ltr' id='par_1_2' title="bbox 203 309 2192 1722">
     <span class='ocr_line' id='line_1_2' title="bbox 203 309 2133 394; baseline -0.001 -19"><span class='ocrx_word' id='word_1_8' title='bbox 203 333 350 382; x_wconf 72' lang='lat' dir='ltr'><strong>¹non</strong></span> <span class='ocrx_word' id='word_1_9' title='bbox 396 311 550 375; x_wconf 86' lang='lat' dir='ltr'><strong>tulit</strong></span> <span class='ocrx_word' id='word_1_10' title='bbox 606 313 672 375; x_wconf 91' lang='lat' dir='ltr'><strong>et</strong></span> <span class='ocrx_word' id='word_1_11' title='bbox 723 331 826 374; x_wconf 92' lang='lat' dir='ltr'><strong>me</strong></span> <span class='ocrx_word' id='word_1_12' title='bbox 879 310 1182 374; x_wconf 86' lang='lat' dir='ltr'><strong>trementi</strong></span> <span class='ocrx_word' id='word_1_13' title='bbox 1228 328 1385 373; x_wconf 88' lang='lat' dir='ltr'><strong>voce</strong></span> <span class='ocrx_word' id='word_1_14' title='bbox 1434 309 1715 375; x_wconf 84' lang='lat' dir='ltr'><strong>exsulem</strong></span> <span class='ocrx_word' id='word_1_15' title='bbox 1769 310 2133 394; x_wconf 87' lang='lat' dir='ltr'><strong>appellavit.</strong></span> 
     </span>
     <span class='ocr_line' id='line_1_3' title="bbox 216 397 2133 482; baseline -0.001 -19"><span class='ocrx_word' id='word_1_16' title='bbox 216 399 343 463; x_wconf 86' lang='lat' dir='ltr'><strong>Hic</strong></span> <span class='ocrx_word' id='word_1_17' title='bbox 388 435 473 445; x_wconf 94' lang='lat'><strong>—</strong></span> <span class='ocrx_word' id='word_1_18' title='bbox 530 421 570 464; x_wconf 95' lang='lat' dir='ltr'><strong>o</strong></span> <span class='ocrx_word' id='word_1_19' title='bbox 617 399 707 462; x_wconf 82' lang='lat' dir='ltr'><strong>di!</strong></span> <span class='ocrx_word' id='word_1_20' title='bbox 781 398 945 462; x_wconf 87' lang='lat' dir='ltr'><strong>nihil</strong></span> <span class='ocrx_word' id='word_1_21' title='bbox 998 419 1304 482; x_wconf 87' lang='lat' dir='ltr'><strong>umquam</strong></span> <span class='ocrx_word' id='word_1_22' title='bbox 1361 398 1890 464; x_wconf 88' lang='lat' dir='ltr'><strong>honorificentius</strong></span> <span class='ocrx_word' id='word_1_23' title='bbox 1943 397 2133 462; x_wconf 89' lang='lat' dir='ltr'><strong>nobis</strong></span> 
     </span>
     <span class='ocr_line' id='line_1_4' title="bbox 219 486 2133 554; baseline -0.001 -3"><span class='ocrx_word' id='word_1_24' title='bbox 219 487 454 552; x_wconf 91' lang='lat' dir='ltr'><strong>accidit</strong></span> <span class='ocrx_word' id='word_1_25' title='bbox 481 523 565 534; x_wconf 95' lang='lat'><strong>—</strong></span> <span class='ocrx_word' id='word_1_26' title='bbox 596 488 996 552; x_wconf 75' lang='lat' dir='ltr'>consurrexit</span> <span class='ocrx_word' id='word_1_27' title='bbox 1024 490 1287 551; x_wconf 85' lang='lat' dir='ltr'><strong>senatus</strong></span> <span class='ocrx_word' id='word_1_28' title='bbox 1324 507 1470 551; x_wconf 89' lang='lat' dir='ltr'><strong>cum</strong></span> <span class='ocrx_word' id='word_1_29' title='bbox 1498 488 1774 554; x_wconf 81' lang='lat' dir='ltr'><strong>elamore</strong></span> <span class='ocrx_word' id='word_1_30' title='bbox 1813 486 1895 550; x_wconf 89' lang='lat' dir='ltr'><strong>ad</strong></span> <span class='ocrx_word' id='word_1_31' title='bbox 1933 507 2133 549; x_wconf 91' lang='lat' dir='ltr'><strong>unum</strong></span> 
     </span>
     <span class='ocr_line' id='line_1_5' title="bbox 221 575 2133 660; baseline -0.002 -20"><span class='ocrx_word' id='word_1_32' title='bbox 221 577 339 659; x_wconf 87' lang='lat' dir='ltr'><strong>sio,</strong></span> <span class='ocrx_word' id='word_1_33' title='bbox 393 579 469 641; x_wconf 91' lang='lat' dir='ltr'><strong>ut</strong></span> <span class='ocrx_word' id='word_1_34' title='bbox 514 576 596 640; x_wconf 91' lang='lat' dir='ltr'><strong>ad</strong></span> <span class='ocrx_word' id='word_1_35' title='bbox 643 595 873 660; x_wconf 88' lang='lat' dir='ltr'><strong>corpus</strong></span> <span class='ocrx_word' id='word_1_36' title='bbox 921 576 1056 640; x_wconf 89' lang='lat' dir='ltr'><strong>eius</strong></span> <span class='ocrx_word' id='word_1_37' title='bbox 1111 575 1466 660; x_wconf 91' lang='lat' dir='ltr'><strong>accederet,</strong></span> <span class='ocrx_word' id='word_1_38' title='bbox 1519 576 1661 659; x_wconf 89' lang='lat' dir='ltr'><strong>pari</strong></span> <span class='ocrx_word' id='word_1_39' title='bbox 1716 576 1991 639; x_wconf 90' lang='lat' dir='ltr'><strong>clamore</strong></span> <span class='ocrx_word' id='word_1_40' title='bbox 2039 577 2133 637; x_wconf 90' lang='lat' dir='ltr'><strong>at-</strong></span> 
     </span>
     <span class='ocr_line' id='line_1_6' title="bbox 221 663 2132 749; baseline -0.001 -21"><span class='ocrx_word' id='word_1_41' title='bbox 221 686 345 749; x_wconf 89' lang='lat' dir='ltr'><strong>que</strong></span> <span class='ocrx_word' id='word_1_42' title='bbox 390 664 636 748; x_wconf 89' lang='lat' dir='ltr'><strong>impetu</strong></span> <span class='ocrx_word' id='word_1_43' title='bbox 681 663 1025 748; x_wconf 89' lang='lat' dir='ltr'><strong>publicani.</strong></span> <span class='ocrx_word' id='word_1_44' title='bbox 1118 663 1284 740; x_wconf 83' lang='lat' dir='ltr'>Quid</span> <span class='ocrx_word' id='word_1_45' title='bbox 1331 663 1628 748; x_wconf 75' lang='lat' dir='ltr'><strong>quaeris?</strong></span> <span class='ocrx_word' id='word_1_46' title='bbox 1676 684 1898 729; x_wconf 88' lang='lat' dir='ltr'><strong>omnes</strong></span> <span class='ocrx_word' id='word_1_47' title='bbox 1908 713 1926 747; x_wconf 96' lang='lat'><strong>,</strong></span> <span class='ocrx_word' id='word_1_48' title='bbox 1971 667 2132 726; x_wconf 89' lang='lat' dir='ltr'><strong>tam·</strong></span> 
     </span>
     <span class='ocr_line' id='line_1_7' title="bbox 222 751 2134 837; baseline -0.002 -19"><span class='ocrx_word' id='word_1_49' title='bbox 222 774 416 837; x_wconf 87' lang='lat' dir='ltr'><strong>quam</strong></span> <span class='ocrx_word' id='word_1_50' title='bbox 482 754 536 817; x_wconf 92' lang='lat' dir='ltr'><strong>si</strong></span> <span class='ocrx_word' id='word_1_51' title='bbox 598 756 672 817; x_wconf 92' lang='lat' dir='ltr'><strong>tu</strong></span> <span class='ocrx_word' id='word_1_52' title='bbox 737 774 940 837; x_wconf 87' lang='lat' dir='ltr'><strong>esses,</strong></span> <span class='ocrx_word' id='word_1_53' title='bbox 1010 754 1104 817; x_wconf 88' lang='lat' dir='ltr'><strong>ita</strong></span> <span class='ocrx_word' id='word_1_54' title='bbox 1166 752 1447 817; x_wconf 86' lang='lat' dir='ltr'><strong>fuerunt.</strong></span> <span class='ocrx_word' id='word_1_55' title='bbox 1553 751 1734 816; x_wconf 90' lang='lat' dir='ltr'><strong>Nihil</strong></span> <span class='ocrx_word' id='word_1_56' title='bbox 1796 751 2134 817; x_wconf 88' lang='lat' dir='ltr'><strong>hominum</strong></span> 
     </span>
     <span class='ocr_line' id='line_1_8' title="bbox 223 840 2134 926; baseline -0.001 -21"><span class='ocrx_word' id='word_1_57' title='bbox 223 862 515 906; x_wconf 90' lang='lat' dir='ltr'><strong>sermone</strong></span> <span class='ocrx_word' id='word_1_58' title='bbox 578 841 737 906; x_wconf 91' lang='lat' dir='ltr'><strong>foris</strong></span> <span class='ocrx_word' id='word_1_59' title='bbox 801 842 1052 905; x_wconf 78' lang='lat' dir='ltr'><strong>clariuS.</strong></span> <span class='ocrx_word' id='word_1_60' title='bbox 1153 840 1300 926; x_wconf 84' lang='lat' dir='ltr'><strong>Ego</strong></span> <span class='ocrx_word' id='word_1_61' title='bbox 1360 845 1577 906; x_wconf 89' lang='lat' dir='ltr'><strong>tamen</strong></span> <span class='ocrx_word' id='word_1_62' title='bbox 1639 861 1735 905; x_wconf 87' lang='lat' dir='ltr'><strong>me</strong></span> <span class='ocrx_word' id='word_1_63' title='bbox 1795 844 1986 905; x_wconf 89' lang='lat' dir='ltr'><strong>teneo</strong></span> <span class='ocrx_word' id='word_1_64' title='bbox 2051 840 2134 904; x_wconf 88' lang='lat' dir='ltr'><strong>ab</strong></span> 
     </span>
     <span class='ocr_line' id='line_1_9' title="bbox 224 929 2136 1015; baseline -0.001 -21"><span class='ocrx_word' id='word_1_65' title='bbox 224 930 615 1015; x_wconf 88' lang='lat' dir='ltr'><strong>accusando,</strong></span> <span class='ocrx_word' id='word_1_66' title='bbox 687 930 796 994; x_wconf 81' lang='lat' dir='ltr'><strong>vix</strong></span> <span class='ocrx_word' id='word_1_67' title='bbox 858 930 1248 1012; x_wconf 82' lang='lat' dir='ltr'><strong>mehercule,</strong></span> <span class='ocrx_word' id='word_1_68' title='bbox 1312 929 1423 994; x_wconf 88' lang='lat' dir='ltr'><strong>sed</strong></span> <span class='ocrx_word' id='word_1_69' title='bbox 1485 933 1707 994; x_wconf 90' lang='lat' dir='ltr'><strong>tamen</strong></span> <span class='ocrx_word' id='word_1_70' title='bbox 1759 931 1978 1013; x_wconf 86' lang='lat' dir='ltr'><strong>teneo,</strong></span> <span class='ocrx_word' id='word_1_71' title='bbox 2033 929 2136 994; x_wconf 88' lang='lat' dir='ltr'><strong>vel</strong></span> 
     </span>
     <span class='ocr_line' id='line_1_10' title="bbox 224 1017 2136 1103; baseline -0.001 -21"><span class='ocrx_word' id='word_1_72' title='bbox 224 1018 396 1103; x_wconf 90' lang='lat' dir='ltr'><strong>quod</strong></span> <span class='ocrx_word' id='word_1_73' title='bbox 442 1020 594 1083; x_wconf 91' lang='lat' dir='ltr'><strong>nolo</strong></span> <span class='ocrx_word' id='word_1_74' title='bbox 634 1039 780 1083; x_wconf 89' lang='lat' dir='ltr'><strong>cum</strong></span> <span class='ocrx_word' id='word_1_75' title='bbox 814 1017 1122 1103; x_wconf 86' lang='lat' dir='ltr'><strong>Pompeio</strong></span> <span class='ocrx_word' id='word_1_76' title='bbox 1164 1038 1456 1103; x_wconf 85' lang='lat' dir='ltr'><strong>pugnare</strong></span> <span class='ocrx_word' id='word_1_77' title='bbox 1485 1054 1568 1064; x_wconf 89' lang='lat'><strong>—</strong></span> <span class='ocrx_word' id='word_1_78' title='bbox 1599 1017 1756 1082; x_wconf 89' lang='lat' dir='ltr'><strong>satis</strong></span> <span class='ocrx_word' id='word_1_79' title='bbox 1802 1022 1919 1102; x_wconf 87' lang='lat' dir='ltr'><strong>est,</strong></span> <span class='ocrx_word' id='word_1_80' title='bbox 1964 1017 2136 1101; x_wconf 92' lang='lat' dir='ltr'><strong>quod</strong></span> 
     </span>
     <span class='ocr_line' id='line_1_11' title="bbox 222 1105 2136 1191; baseline -0.001 -20"><span class='ocrx_word' id='word_1_81' title='bbox 222 1109 428 1171; x_wconf 87' lang='lat' dir='ltr'><strong>instat</strong></span> <span class='ocrx_word' id='word_1_82' title='bbox 471 1107 550 1171; x_wconf 93' lang='lat' dir='ltr'><strong>de</strong></span> <span class='ocrx_word' id='word_1_83' title='bbox 595 1106 839 1172; x_wconf 89' lang='lat' dir='ltr'><strong>Milone</strong></span> <span class='ocrx_word' id='word_1_84' title='bbox 882 1144 985 1191; x_wconf 92' lang='lat'><strong>—,</strong></span> <span class='ocrx_word' id='word_1_85' title='bbox 1031 1107 1133 1171; x_wconf 78' lang='lat' dir='ltr'><strong>vel</strong></span> <span class='ocrx_word' id='word_1_86' title='bbox 1180 1107 1351 1190; x_wconf 92' lang='lat' dir='ltr'><strong>quod</strong></span> <span class='ocrx_word' id='word_1_87' title='bbox 1396 1106 1637 1171; x_wconf 89' lang='lat' dir='ltr'><strong>iudices</strong></span> <span class='ocrx_word' id='word_1_88' title='bbox 1682 1106 1897 1170; x_wconf 89' lang='lat' dir='ltr'><strong>nullos</strong></span> <span class='ocrx_word' id='word_1_89' title='bbox 1940 1105 2136 1169; x_wconf 88' lang='lat' dir='ltr'><strong>habe-</strong></span> 
     </span>
     <span class='ocr_line' id='line_1_12' title="bbox 224 1188 2137 1279; baseline -0.002 -19"><span class='ocrx_word' id='word_1_90' title='bbox 224 1217 386 1260; x_wconf 77' lang='lat' dir='ltr'><strong>mus,</strong></span> <span class='ocrx_word' id='word_1_91' title='bbox 470 1188 876 1279; x_wconf 81' lang='grc' dir='ltr'><strong><em>Ἀπότευγμα</em></strong></span> <span class='ocrx_word' id='word_1_92' title='bbox 921 1196 1227 1279; x_wconf 87' lang='lat' dir='ltr'><strong>formido,</strong></span> <span class='ocrx_word' id='word_1_93' title='bbox 1282 1194 1448 1260; x_wconf 84' lang='lat' dir='ltr'><strong>addo</strong></span> <span class='ocrx_word' id='word_1_94' title='bbox 1506 1195 1701 1260; x_wconf 91' lang='lat' dir='ltr'><strong>etiam</strong></span> <span class='ocrx_word' id='word_1_95' title='bbox 1752 1195 2137 1258; x_wconf 89' lang='lat' dir='ltr'><strong>malevolen-</strong></span> 
     </span>
     <span class='ocr_line' id='line_1_13' title="bbox 224 1282 2137 1369; baseline -0.002 -21"><span class='ocrx_word' id='word_1_96' title='bbox 224 1285 385 1348; x_wconf 91' lang='lat' dir='ltr'><strong>tiam</strong></span> <span class='ocrx_word' id='word_1_97' title='bbox 427 1283 795 1369; x_wconf 90' lang='lat' dir='ltr'><strong>hominum,</strong></span> <span class='ocrx_word' id='word_1_98' title='bbox 840 1289 905 1349; x_wconf 89' lang='lat' dir='ltr'><strong>et</strong></span> <span class='ocrx_word' id='word_1_99' title='bbox 949 1285 1176 1369; x_wconf 89' lang='lat' dir='ltr'><strong>timeo,</strong></span> <span class='ocrx_word' id='word_1_100' title='bbox 1219 1305 1302 1348; x_wconf 91' lang='lat' dir='ltr'><strong>ne</strong></span> <span class='ocrx_word' id='word_1_101' title='bbox 1349 1284 1445 1348; x_wconf 90' lang='lat' dir='ltr'><strong>illi</strong></span> <span class='ocrx_word' id='word_1_102' title='bbox 1490 1305 1590 1348; x_wconf 90' lang='lat' dir='ltr'><strong>me</strong></span> <span class='ocrx_word' id='word_1_103' title='bbox 1638 1287 1979 1348; x_wconf 72' lang='lat' dir='ltr'><strong>accusante</strong></span> <span class='ocrx_word' id='word_1_104' title='bbox 2026 1282 2137 1346; x_wconf 89' lang='lat' dir='ltr'><strong>ali-</strong></span> 
     </span>
     <span class='ocr_line' id='line_1_14' title="bbox 226 1372 2138 1457; baseline -0.001 -20"><span class='ocrx_word' id='word_1_105' title='bbox 226 1372 381 1457; x_wconf 83' lang='lat' dir='ltr'><strong>quid</strong></span> <span class='ocrx_word' id='word_1_106' title='bbox 427 1372 700 1457; x_wconf 89' lang='lat' dir='ltr'><strong>accidat,</strong></span> <span class='ocrx_word' id='word_1_107' title='bbox 752 1394 873 1437; x_wconf 86' lang='lat' dir='ltr'><strong>nec</strong></span> <span class='ocrx_word' id='word_1_108' title='bbox 918 1373 1187 1457; x_wconf 88' lang='lat' dir='ltr'><strong>despero</strong></span> <span class='ocrx_word' id='word_1_109' title='bbox 1241 1395 1377 1437; x_wconf 92' lang='lat' dir='ltr'><strong>rem</strong></span> <span class='ocrx_word' id='word_1_110' title='bbox 1424 1377 1490 1437; x_wconf 88' lang='lat' dir='ltr'><strong>et</strong></span> <span class='ocrx_word' id='word_1_111' title='bbox 1534 1372 1671 1437; x_wconf 88' lang='lat' dir='ltr'><strong>sine</strong></span> <span class='ocrx_word' id='word_1_112' title='bbox 1730 1394 1832 1436; x_wconf 90' lang='lat' dir='ltr'><strong>me</strong></span> <span class='ocrx_word' id='word_1_113' title='bbox 1878 1378 1936 1436; x_wconf 79' lang='lat' dir='ltr'><strong>et</strong></span> <span class='ocrx_word' id='word_1_114' title='bbox 1978 1393 2138 1435; x_wconf 88' lang='lat' dir='ltr'><strong>non-</strong></span> 
     </span>
     <span class='ocr_line' id='line_1_15' title="bbox 226 1459 2192 1546; baseline -0.002 -21"><span class='ocrx_word' id='word_1_115' title='bbox 226 1461 397 1525; x_wconf 88' lang='lat' dir='ltr'><strong>nihil</strong></span> <span class='ocrx_word' id='word_1_116' title='bbox 456 1483 573 1546; x_wconf 86' lang='lat' dir='ltr'><strong>per</strong></span> <span class='ocrx_word' id='word_1_117' title='bbox 634 1483 737 1526; x_wconf 91' lang='lat' dir='ltr'><strong>me</strong></span> <span class='ocrx_word' id='word_1_118' title='bbox 800 1462 1029 1527; x_wconf 91' lang='lat' dir='ltr'><strong>confici</strong></span> <span class='ocrx_word' id='word_1_119' title='bbox 1084 1483 1293 1546; x_wconf 87' lang='lat' dir='ltr'><strong>posse.</strong></span> <span class='ocrx_word' id='word_1_120' title='bbox 1392 1460 1492 1526; x_wconf 89' lang='lat' dir='ltr'><strong>De</strong></span> <span class='ocrx_word' id='word_1_121' title='bbox 1539 1461 1785 1525; x_wconf 86' lang='lat' dir='ltr'><strong>ambitu</strong></span> <span class='ocrx_word' id='word_1_122' title='bbox 1829 1459 2192 1544; x_wconf 73' lang='lat' dir='ltr'><strong>postulatis</strong></span> 
     </span>
     <span class='ocr_line' id='line_1_16' title="bbox 228 1547 2138 1634; baseline 0 -21"><span class='ocrx_word' id='word_1_123' title='bbox 228 1552 382 1613; x_wconf 89' lang='lat' dir='ltr'><strong>sunt</strong></span> <span class='ocrx_word' id='word_1_124' title='bbox 445 1571 694 1634; x_wconf 90' lang='lat' dir='ltr'><strong>omnes,</strong></span> <span class='ocrx_word' id='word_1_125' title='bbox 757 1550 867 1634; x_wconf 90' lang='lat' dir='ltr'><strong>qui</strong></span> <span class='ocrx_word' id='word_1_126' title='bbox 930 1551 1336 1615; x_wconf 82' lang='lat' dir='ltr'><strong>consulatum</strong></span> <span class='ocrx_word' id='word_1_127' title='bbox 1399 1552 1653 1634; x_wconf 89' lang='lat' dir='ltr'><strong>petunt:</strong></span> <span class='ocrx_word' id='word_1_128' title='bbox 1733 1571 1773 1613; x_wconf 92' lang='lat' dir='ltr'><strong>a</strong></span> <span class='ocrx_word' id='word_1_129' title='bbox 1814 1547 2138 1613; x_wconf 22' lang='lat' dir='ltr'><strong>§Memmio</strong></span> 
     </span>
     <span class='ocr_line' id='line_1_17' title="bbox 228 1637 2141 1722; baseline -0.002 -19"><span class='ocrx_word' id='word_1_130' title='bbox 228 1637 572 1722; x_wconf 77' lang='lat' dir='ltr'><strong>Domitius,</strong></span> <span class='ocrx_word' id='word_1_131' title='bbox 618 1660 657 1701; x_wconf 89' lang='lat' dir='ltr'><strong>a</strong></span> <span class='ocrx_word' id='word_1_132' title='bbox 695 1637 767 1714; x_wconf 86' lang='lat' dir='ltr'><strong>Q.</strong></span> <span class='ocrx_word' id='word_1_133' title='bbox 806 1639 1058 1722; x_wconf 89' lang='lat' dir='ltr'><strong>Acutio‚</strong></span> <span class='ocrx_word' id='word_1_134' title='bbox 1102 1639 1277 1703; x_wconf 91' lang='lat' dir='ltr'><strong>bono</strong></span> <span class='ocrx_word' id='word_1_135' title='bbox 1326 1641 1391 1703; x_wconf 92' lang='lat' dir='ltr'><strong>et</strong></span> <span class='ocrx_word' id='word_1_136' title='bbox 1427 1638 1676 1703; x_wconf 89' lang='lat' dir='ltr'><strong>erudito</strong></span> <span class='ocrx_word' id='word_1_137' title='bbox 1718 1638 2141 1721; x_wconf 76' lang='lat' dir='ltr'><strong>adolescente,</strong></span> 
     </span>
    </p>
   </div>
   <div class='ocr_carea' id='block_1_3' title="bbox 226 1723 2141 1812">
    <p class='ocr_par' dir='ltr' id='par_1_3' title="bbox 226 1723 2141 1812">
     <span class='ocr_line' id='line_1_18' title="bbox 226 1723 2141 1812; baseline -0.001 -21"><span class='ocrx_word' id='word_1_138' title='bbox 226 1726 597 1811; x_wconf 85' lang='lat' dir='ltr'><strong>Memmius,</strong></span> <span class='ocrx_word' id='word_1_139' title='bbox 651 1748 692 1790; x_wconf 88' lang='lat' dir='ltr'><strong>a</strong></span> <span class='ocrx_word' id='word_1_140' title='bbox 738 1726 810 1803; x_wconf 86' lang='lat' dir='ltr'><strong>Q.</strong></span> <span class='ocrx_word' id='word_1_141' title='bbox 854 1725 1161 1811; x_wconf 89' lang='lat' dir='ltr'><strong>Pompeio</strong></span> <span class='ocrx_word' id='word_1_142' title='bbox 1208 1725 1513 1812; x_wconf 85' lang='lat' dir='ltr'><strong>Messala,</strong></span> <span class='ocrx_word' id='word_1_143' title='bbox 1568 1749 1608 1791; x_wconf 94' lang='lat' dir='ltr'><strong>a</strong></span> <span class='ocrx_word' id='word_1_144' title='bbox 1654 1726 1902 1790; x_wconf 85' lang='lat' dir='ltr'><strong>Triario</strong></span> <span class='ocrx_word' id='word_1_145' title='bbox 1950 1723 2141 1790; x_wconf 85' lang='lat' dir='ltr'><strong>Scau-</strong></span> 
     </span>
    </p>
   </div>
   <div class='ocr_carea' id='block_1_4' title="bbox 182 1814 2150 2872">
    <p class='ocr_par' dir='ltr' id='par_1_4' title="bbox 182 1814 2150 2872">
     <span class='ocr_line' id='line_1_19' title="bbox 228 1814 2150 1901; baseline -0.001 -21"><span class='ocrx_word' id='word_1_146' title='bbox 228 1837 357 1880; x_wconf 77' lang='lat' dir='ltr'><strong>rus,</strong></span> <span class='ocrx_word' id='word_1_147' title='bbox 445 1814 690 1901; x_wconf 84' lang='lat' dir='ltr'><strong>Magno</strong></span> <span class='ocrx_word' id='word_1_148' title='bbox 746 1837 848 1881; x_wconf 88' lang='lat' dir='ltr'><strong>res</strong></span> <span class='ocrx_word' id='word_1_149' title='bbox 903 1816 975 1881; x_wconf 92' lang='lat' dir='ltr'><strong>in</strong></span> <span class='ocrx_word' id='word_1_150' title='bbox 1020 1819 1201 1881; x_wconf 90' lang='lat' dir='ltr'><strong>motu</strong></span> <span class='ocrx_word' id='word_1_151' title='bbox 1248 1818 1372 1900; x_wconf 90' lang='lat' dir='ltr'><strong>est,</strong></span> <span class='ocrx_word' id='word_1_152' title='bbox 1426 1819 1768 1900; x_wconf 88' lang='lat' dir='ltr'><strong>propterea</strong></span> <span class='ocrx_word' id='word_1_153' title='bbox 1812 1814 1984 1900; x_wconf 90' lang='lat' dir='ltr'><strong>quod</strong></span> <span class='ocrx_word' id='word_1_154' title='bbox 2029 1817 2150 1880; x_wconf 84' lang='lat' dir='ltr'><strong>aut</strong></span> 
     </span>
     <span class='ocr_line' id='line_1_20' title="bbox 228 1902 2144 1990; baseline -0.001 -22"><span class='ocrx_word' id='word_1_155' title='bbox 228 1904 567 1969; x_wconf 86' lang='lat' dir='ltr'><strong>hominum</strong></span> <span class='ocrx_word' id='word_1_156' title='bbox 632 1908 746 1969; x_wconf 88' lang='lat' dir='ltr'><strong>aut</strong></span> <span class='ocrx_word' id='word_1_157' title='bbox 805 1906 1022 1990; x_wconf 86' lang='lat' dir='ltr'><strong>legum</strong></span> <span class='ocrx_word' id='word_1_158' title='bbox 1084 1905 1386 1970; x_wconf 87' lang='lat' dir='ltr'><strong>interitus</strong></span> <span class='ocrx_word' id='word_1_159' title='bbox 1451 1904 1828 1970; x_wconf 73' lang='lat' dir='ltr'><strong>ostenditur.</strong></span> <span class='ocrx_word' id='word_1_160' title='bbox 1931 1902 2144 1987; x_wconf 87' lang='lat' dir='ltr'><strong>Opera</strong></span> 
     </span>
     <span class='ocr_line' id='line_1_21' title="bbox 231 1992 2144 2076; baseline 0 -20"><span class='ocrx_word' id='word_1_161' title='bbox 231 1993 438 2076; x_wconf 89' lang='lat' dir='ltr'><strong>datur,</strong></span> <span class='ocrx_word' id='word_1_162' title='bbox 482 1996 558 2057; x_wconf 87' lang='lat' dir='ltr'><strong>ut</strong></span> <span class='ocrx_word' id='word_1_163' title='bbox 600 1993 837 2057; x_wconf 87' lang='lat' dir='ltr'><strong>iudicia</strong></span> <span class='ocrx_word' id='word_1_164' title='bbox 881 2015 962 2057; x_wconf 90' lang='lat' dir='ltr'><strong>ne</strong></span> <span class='ocrx_word' id='word_1_165' title='bbox 1008 1993 1186 2058; x_wconf 88' lang='lat' dir='ltr'><strong>fiant.</strong></span> <span class='ocrx_word' id='word_1_166' title='bbox 1258 1993 1387 2059; x_wconf 89' lang='lat' dir='ltr'><strong>Res</strong></span> <span class='ocrx_word' id='word_1_167' title='bbox 1433 1993 1685 2058; x_wconf 86' lang='lat' dir='ltr'><strong>videtur</strong></span> <span class='ocrx_word' id='word_1_168' title='bbox 1727 1997 2013 2076; x_wconf 89' lang='lat' dir='ltr'><strong>spectare</strong></span> <span class='ocrx_word' id='word_1_169' title='bbox 2061 1992 2144 2056; x_wconf 94' lang='lat' dir='ltr'><strong>ad</strong></span> 
     </span>
     <span class='ocr_line' id='line_1_22' title="bbox 232 2079 2144 2166; baseline 0 -22"><span class='ocrx_word' id='word_1_170' title='bbox 232 2082 692 2166; x_wconf 84' lang='lat' dir='ltr'><strong>interregnum.</strong></span> <span class='ocrx_word' id='word_1_171' title='bbox 767 2079 1078 2147; x_wconf 74' lang='lat' dir='ltr'><strong>Consules</strong></span> <span class='ocrx_word' id='word_1_172' title='bbox 1125 2082 1386 2148; x_wconf 86' lang='lat' dir='ltr'><strong>comitia</strong></span> <span class='ocrx_word' id='word_1_173' title='bbox 1427 2082 1666 2147; x_wconf 88' lang='lat' dir='ltr'><strong>habere</strong></span> <span class='ocrx_word' id='word_1_174' title='bbox 1713 2082 2006 2166; x_wconf 85' lang='lat' dir='ltr'><strong>cupiunt3</strong></span> <span class='ocrx_word' id='word_1_175' title='bbox 2051 2081 2144 2144; x_wconf 93' lang='lat' dir='ltr'><strong>rei</strong></span> 
     </span>
     <span class='ocr_line' id='line_1_23' title="bbox 231 2168 2145 2254; baseline 0.001 -22"><span class='ocrx_word' id='word_1_176' title='bbox 231 2170 468 2233; x_wconf 88' lang='lat' dir='ltr'><strong>nolunt</strong></span> <span class='ocrx_word' id='word_1_177' title='bbox 513 2173 578 2234; x_wconf 90' lang='lat' dir='ltr'><strong>et</strong></span> <span class='ocrx_word' id='word_1_178' title='bbox 610 2170 885 2234; x_wconf 85' lang='lat' dir='ltr'><strong>maxime</strong></span> <span class='ocrx_word' id='word_1_179' title='bbox 922 2168 1282 2254; x_wconf 78' lang='lat' dir='ltr'><strong>MemmiuS,</strong></span> <span class='ocrx_word' id='word_1_180' title='bbox 1328 2170 1499 2254; x_wconf 91' lang='lat' dir='ltr'><strong>quod</strong></span> <span class='ocrx_word' id='word_1_181' title='bbox 1538 2168 1828 2234; x_wconf 82' lang='lat' dir='ltr'><strong>Caesaris</strong></span> <span class='ocrx_word' id='word_1_182' title='bbox 1863 2169 2145 2233; x_wconf 85' lang='lat' dir='ltr'><strong>adventu</strong></span> 
     </span>
     <span class='ocr_line' id='line_1_24' title="bbox 234 2257 2146 2342; baseline -0.002 -20"><span class='ocrx_word' id='word_1_183' title='bbox 234 2280 302 2322; x_wconf 92' lang='lat' dir='ltr'><strong>se</strong></span> <span class='ocrx_word' id='word_1_184' title='bbox 352 2260 567 2342; x_wconf 86' lang='lat' dir='ltr'><strong>sperat</strong></span> <span class='ocrx_word' id='word_1_185' title='bbox 608 2258 903 2323; x_wconf 87' lang='lat' dir='ltr'><strong>futurum</strong></span> <span class='ocrx_word' id='word_1_186' title='bbox 948 2259 1306 2341; x_wconf 83' lang='lat' dir='ltr'><strong>consulem,</strong></span> <span class='ocrx_word' id='word_1_187' title='bbox 1353 2257 1464 2322; x_wconf 94' lang='lat' dir='ltr'><strong>sed</strong></span> <span class='ocrx_word' id='word_1_188' title='bbox 1509 2258 1742 2321; x_wconf 88' lang='lat' dir='ltr'><strong>mirum</strong></span> <span class='ocrx_word' id='word_1_189' title='bbox 1776 2257 1848 2320; x_wconf 91' lang='lat' dir='ltr'><strong>in</strong></span> <span class='ocrx_word' id='word_1_190' title='bbox 1883 2257 2146 2321; x_wconf 90' lang='lat' dir='ltr'><strong>modum</strong></span> 
     </span>
     <span class='ocr_line' id='line_1_25' title="bbox 232 2344 2144 2412; baseline -0.001 -3"><span class='ocrx_word' id='word_1_191' title='bbox 232 2347 419 2410; x_wconf 88' lang='lat' dir='ltr'><strong>iacet.</strong></span> <span class='ocrx_word' id='word_1_192' title='bbox 514 2345 842 2412; x_wconf 85' lang='lat' dir='ltr'><strong>Domitius</strong></span> <span class='ocrx_word' id='word_1_193' title='bbox 897 2368 1043 2412; x_wconf 90' lang='lat' dir='ltr'><strong>cum</strong></span> <span class='ocrx_word' id='word_1_194' title='bbox 1096 2346 1377 2411; x_wconf 87' lang='lat' dir='ltr'><strong>Messala</strong></span> <span class='ocrx_word' id='word_1_195' title='bbox 1431 2349 1642 2410; x_wconf 86' lang='lat' dir='ltr'><strong>certus</strong></span> <span class='ocrx_word' id='word_1_196' title='bbox 1698 2366 1834 2409; x_wconf 90' lang='lat' dir='ltr'><strong>esse</strong></span> <span class='ocrx_word' id='word_1_197' title='bbox 1890 2344 2144 2408; x_wconf 84' lang='lat' dir='ltr'><strong>videba-</strong></span> 
     </span>
     <span class='ocr_line' id='line_1_26' title="bbox 182 2432 2147 2519; baseline -0.002 -19"><span class='ocrx_word' id='word_1_198' title='bbox 182 2498 187 2501; x_wconf 84' lang='grc'><strong>,</strong></span> <span class='ocrx_word' id='word_1_199' title='bbox 234 2439 368 2518; x_wconf 79' lang='lat' dir='ltr'><strong>tur3</strong></span> <span class='ocrx_word' id='word_1_200' title='bbox 423 2432 700 2500; x_wconf 86' lang='lat' dir='ltr'><strong>Scaurus</strong></span> <span class='ocrx_word' id='word_1_201' title='bbox 755 2435 1108 2500; x_wconf 86' lang='lat' dir='ltr'><strong>refrixerat.</strong></span> <span class='ocrx_word' id='word_1_202' title='bbox 1207 2434 1460 2519; x_wconf 85' lang='lat' dir='ltr'><strong>Appius</strong></span> <span class='ocrx_word' id='word_1_203' title='bbox 1520 2435 1656 2497; x_wconf 89' lang='lat' dir='ltr'><strong>sine</strong></span> <span class='ocrx_word' id='word_1_204' title='bbox 1711 2433 1853 2518; x_wconf 86' lang='lat' dir='ltr'><strong>lege</strong></span> <span class='ocrx_word' id='word_1_205' title='bbox 1901 2434 2147 2497; x_wconf 86' lang='lat' dir='ltr'><strong>curiata</strong></span> 
     </span>
     <span class='ocr_line' id='line_1_27' title="bbox 235 2522 2147 2606; baseline -0.002 -19"><span class='ocrx_word' id='word_1_206' title='bbox 235 2522 576 2587; x_wconf 89' lang='lat' dir='ltr'><strong>confirmat</strong></span> <span class='ocrx_word' id='word_1_207' title='bbox 622 2545 689 2588; x_wconf 92' lang='lat' dir='ltr'><strong>se</strong></span> <span class='ocrx_word' id='word_1_208' title='bbox 735 2522 1011 2588; x_wconf 91' lang='lat' dir='ltr'><strong>Lentulo</strong></span> <span class='ocrx_word' id='word_1_209' title='bbox 1057 2526 1283 2588; x_wconf 85' lang='lat' dir='ltr'><strong>nostro</strong></span> <span class='ocrx_word' id='word_1_210' title='bbox 1331 2544 1796 2605; x_wconf 82' lang='lat' dir='ltr'><strong>successurum3</strong></span> <span class='ocrx_word' id='word_1_211' title='bbox 1855 2523 1965 2606; x_wconf 90' lang='lat' dir='ltr'><strong>qui</strong></span> <span class='ocrx_word' id='word_1_212' title='bbox 2010 2522 2147 2605; x_wconf 91' lang='lat' dir='ltr'><strong>qui-</strong></span> 
     </span>
     <span class='ocr_line' id='line_1_28' title="bbox 236 2610 2149 2696; baseline -0.001 -21"><span class='ocrx_word' id='word_1_213' title='bbox 236 2611 384 2676; x_wconf 91' lang='lat' dir='ltr'><strong>dem</strong></span> <span class='ocrx_word' id='word_1_214' title='bbox 436 2611 743 2676; x_wconf 89' lang='lat' dir='ltr'><strong>mirificus</strong></span> <span class='ocrx_word' id='word_1_215' title='bbox 796 2612 908 2677; x_wconf 92' lang='lat' dir='ltr'><strong>illo</strong></span> <span class='ocrx_word' id='word_1_216' title='bbox 965 2611 1093 2694; x_wconf 89' lang='lat' dir='ltr'><strong>die,</strong></span> <span class='ocrx_word' id='word_1_217' title='bbox 1153 2612 1326 2696; x_wconf 88' lang='lat' dir='ltr'><strong>quod</strong></span> <span class='ocrx_word' id='word_1_218' title='bbox 1379 2632 1583 2694; x_wconf 87' lang='lat' dir='ltr'><strong>paene</strong></span> <span class='ocrx_word' id='word_1_219' title='bbox 1637 2611 1964 2695; x_wconf 86' lang='lat' dir='ltr'><strong>praeterii,</strong></span> <span class='ocrx_word' id='word_1_220' title='bbox 2022 2610 2149 2674; x_wconf 87' lang='lat' dir='ltr'><strong>fuit</strong></span> 
     </span>
     <span class='ocr_line' id='line_1_29' title="bbox 233 2697 2149 2783; baseline -0.001 -19"><span class='ocrx_word' id='word_1_221' title='bbox 233 2701 307 2764; x_wconf 88' lang='lat' dir='ltr'><strong>in</strong></span> <span class='ocrx_word' id='word_1_222' title='bbox 370 2697 742 2764; x_wconf 82' lang='lat' dir='ltr'><strong>Gabinium:</strong></span> <span class='ocrx_word' id='word_1_223' title='bbox 811 2702 1136 2765; x_wconf 83' lang='lat' dir='ltr'><strong>accusavit</strong></span> <span class='ocrx_word' id='word_1_224' title='bbox 1196 2700 1577 2783; x_wconf 83' lang='lat' dir='ltr'><strong>maiestatis3</strong></span> <span class='ocrx_word' id='word_1_225' title='bbox 1649 2698 1915 2763; x_wconf 88' lang='lat' dir='ltr'><strong>nomina</strong></span> <span class='ocrx_word' id='word_1_226' title='bbox 1979 2699 2149 2781; x_wconf 90' lang='lat' dir='ltr'><strong>data,</strong></span> 
     </span>
     <span class='ocr_line' id='line_1_30' title="bbox 237 2785 2149 2872; baseline -0.001 -20"><span class='ocrx_word' id='word_1_227' title='bbox 237 2810 436 2872; x_wconf 89' lang='lat' dir='ltr'><strong>quum</strong></span> <span class='ocrx_word' id='word_1_228' title='bbox 481 2788 590 2852; x_wconf 90' lang='lat' dir='ltr'><strong>ille</strong></span> <span class='ocrx_word' id='word_1_229' title='bbox 645 2789 913 2853; x_wconf 82' lang='lat' dir='ltr'><strong>verbum</strong></span> <span class='ocrx_word' id='word_1_230' title='bbox 966 2789 1234 2853; x_wconf 89' lang='lat' dir='ltr'><strong>nullum.</strong></span> <span class='ocrx_word' id='word_1_231' title='bbox 1335 2787 1555 2852; x_wconf 88' lang='lat' dir='ltr'><strong>Habes</strong></span> <span class='ocrx_word' id='word_1_232' title='bbox 1609 2787 1918 2852; x_wconf 87' lang='lat' dir='ltr'><strong>forensia:</strong></span> <span class='ocrx_word' id='word_1_233' title='bbox 1974 2785 2149 2851; x_wconf 89' lang='lat' dir='ltr'><strong>domi</strong></span> 
     </span>
    </p>
   </div>
   <div class='ocr_carea' id='block_1_5' title="bbox 234 2875 2151 3049">
    <p class='ocr_par' dir='ltr' id='par_1_5' title="bbox 234 2875 2151 3049">
     <span class='ocr_line' id='line_1_31' title="bbox 234 2875 2151 2963; baseline -0.001 -23"><span class='ocrx_word' id='word_1_234' title='bbox 234 2880 408 2941; x_wconf 86' lang='lat' dir='ltr'><strong>recte</strong></span> <span class='ocrx_word' id='word_1_235' title='bbox 474 2880 597 2959; x_wconf 85' lang='lat' dir='ltr'><strong>est3</strong></span> <span class='ocrx_word' id='word_1_236' title='bbox 659 2876 804 2961; x_wconf 86' lang='lat' dir='ltr'><strong>ipsa</strong></span> <span class='ocrx_word' id='word_1_237' title='bbox 866 2877 1093 2942; x_wconf 91' lang='lat' dir='ltr'><strong>domus</strong></span> <span class='ocrx_word' id='word_1_238' title='bbox 1157 2898 1199 2942; x_wconf 79' lang='lat' dir='ltr'><strong>a</strong></span> <span class='ocrx_word' id='word_1_239' title='bbox 1259 2875 1770 2963; x_wconf 86' lang='lat' dir='ltr'><strong>redemptoribus</strong></span> <span class='ocrx_word' id='word_1_240' title='bbox 1832 2879 2151 2941; x_wconf 86' lang='lat' dir='ltr'><strong>tractatur</strong></span> 
     </span>
     <span class='ocr_line' id='line_1_32' title="bbox 235 2964 846 3049; baseline 0 -19"><span class='ocrx_word' id='word_1_241' title='bbox 235 2986 372 3030; x_wconf 92' lang='lat' dir='ltr'><strong>non</strong></span> <span class='ocrx_word' id='word_1_242' title='bbox 416 2964 846 3049; x_wconf 86' lang='lat' dir='ltr'><strong>indiligenter.</strong></span> 
     </span>
    </p>
   </div>
  </div>
 </body>
</html>
