2338 3691
713 121 1226 177 EPISTOLARUM
1261 121 1360 175 ΙΙΙ.
1400 126 1449 175 8.
1487 126 1536 175 9.
2002 114 2086 179 79

197 287 267 330 ex
312 267 438 330 tuis
493 267 724 331 litteris
770 267 846 332 de
902 289 1013 352 spe
1066 267 1333 331 minime
1381 265 1575 331 dubia
1629 269 1695 330 et
1746 265 1939 350 plane
1984 283 2086 328 ex-

196 354 431 438 plorata
474 356 789 440 triumphi
830 356 956 440 tui,
1007 378 1218 441 neque
1271 377 1425 420 vero
1482 354 1564 419 ob
1621 375 1764 419 eam
1810 373 2088 436 causam,

196 465 307 527 quo
366 444 506 529 ipse
567 444 823 509 facilius
886 465 1309 529 consequerer
1354 480 1438 490 —
1484 465 1639 507 nam
1700 444 1767 507 id
1831 441 2091 528 quidem

189 524 634 614 Ἐπικούρειον
677 537 782 598 est
802 569 907 615 -,
951 533 1061 598 sed
1096 532 1478 617 mehercule,
1522 531 1694 616 quod
1729 535 1845 597 tua
1880 529 2088 616 digni-

194 621 282 682 tas
340 623 538 705 atque
598 621 953 706 amplitudo
1015 622 1179 686 mihi
1240 625 1341 686 est
1398 621 1543 706 ipsa
1606 641 1755 686 cara
1815 641 1932 706 per
1994 639 2086 683 se:

195 728 388 792 quare,
435 710 747 793 quoniam
792 712 1008 795 plures
1051 714 1127 775 tu
1172 711 1373 776 habes
1421 733 1614 795 quam
1659 711 1880 794 ceteri,
1926 730 2087 793 quos

194 797 339 861 scias
383 798 457 862 in
501 797 676 863 hanc
721 800 1119 884 provinciam
1155 800 1491 884 proficisci,
1536 799 1708 883 quod
1744 802 1810 864 te
1847 798 2089 863 adeunt

192 883 310 949 fere
355 907 604 971 omnes,
650 887 705 951 si
751 888 904 972 quid
949 889 1126 973 velis,
1173 888 1611 974 gratissimum
1647 887 1806 951 mihi
1841 887 2088 970 feceriS,

193 973 240 1037 si
280 974 358 1038 ad
402 997 532 1059 me,
577 975 963 1062 simulatque
1009 978 1282 1062 adeptus
1320 977 1461 1061 eriS,
1508 975 1680 1060 quod
1718 978 1784 1040 et
1827 979 1900 1040 tu
1937 996 2088 1040 con·

192 1061 321 1126 fidis
365 1066 432 1128 et
478 1084 605 1150 ego
653 1068 834 1150 opto,
878 1066 1127 1130 litteras
1171 1066 1438 1131 miseris
1527 1064 1739 1150 Longi
1785 1064 2088 1147 subsellii,

192 1153 256 1214 ut
293 1156 520 1217 noster
564 1152 908 1238 Pompeius
954 1156 1265 1240 appellat,
1317 1153 1622 1219 iudicatio
1679 1156 1746 1217 et
1795 1176 1979 1219 mora
2033 1152 2090 1217 si

193 1261 365 1323 quem
406 1241 538 1307 tibi
581 1242 737 1306 item
780 1265 984 1307 unum
1029 1245 1380 1308 alterumve
1426 1243 1594 1308 diem
1639 1242 1978 1306 abstulerit
2004 1275 2089 1287 -

194 1329 331 1412 quid
375 1331 554 1395 enim
598 1334 816 1415 potest
860 1333 1180 1417 amplius?
1226 1369 1338 1418 —,
1381 1334 1498 1396 tua
1541 1334 1761 1394 tamen
1806 1330 2089 1415 dignitas

195 1438 364 1483 suum
406 1419 630 1484 locum
677 1421 1019 1505 obtinebit3
1076 1422 1212 1505 sed,
1259 1422 1315 1487 si
1359 1442 1464 1484 me
1510 1419 1750 1504 diligis,
1805 1419 1859 1483 si
1905 1441 1944 1482 a
1988 1440 2089 1482 me

196 1505 359 1593 diligi
402 1509 526 1593 vis,
574 1509 656 1573 ad
701 1531 802 1574 me
847 1511 1116 1595 litteras,
1159 1514 1236 1575 ut
1281 1532 1476 1594 quam
1519 1509 1799 1594 primum
1841 1507 2091 1572 laetitia

196 1595 439 1683 afficiar,
486 1597 752 1663 mittito.
832 1598 923 1663 Et
965 1600 1176 1684 velim,
1219 1600 1539 1683 reliquum
1585 1597 1756 1682 quod
1803 1600 1902 1662 est
1944 1618 2089 1682 pro·
2126 1603 2158 1652 3

194 1684 355 1749 missi
400 1708 479 1751 ac
527 1688 812 1751 muneris
857 1688 980 1772 tui,
1024 1688 1186 1753 mihi
1229 1689 1584 1772 persolvas:
1639 1706 1838 1771 quum
1881 1686 2090 1770 ipsam

200 1775 626 1859 cognitionem
670 1776 828 1840 iuris
876 1777 1129 1862 augurii
1175 1777 1481 1861 consequi
1525 1776 1733 1861 cupio,
1776 1779 1917 1839 tum
1961 1796 2090 1839 me·

196 1859 435 1929 hercule
492 1865 626 1932 tuis
679 1866 1137 1931 incredibiliter
1183 1866 1410 1931 studiis
1457 1886 1612 1951 erga
1664 1887 1765 1929 me
1812 1865 2090 1929 muneri-

195 1949 424 2037 busque
473 1953 775 2018 delector.
865 1954 1050 2031 Quod
1097 1957 1314 2020 autem
1360 1978 1399 2019 a
1443 1976 1545 2019 me
1598 1955 1729 2018 tale
1786 1954 2092 2038 quiddam

197 2038 526 2127 desideras,
572 2064 728 2106 sane
772 2042 933 2107 mihi
969 2043 1504 2109 considerandum
1540 2046 1655 2127 est,
1699 2064 1982 2126 quonam
2024 2045 2092 2105 te

195 2149 555 2195 remunerer
606 2131 1012 2215 potissimum
1065 2153 1326 2218 genere3
1387 2154 1541 2196 nam
1602 2131 1892 2216 profecto
1955 2151 2094 2196 non

198 2221 284 2281 est
322 2242 560 2304 meum,
607 2219 717 2303 qui
760 2221 830 2285 in
868 2221 1224 2306 scribendo,
1266 2225 1342 2285 ut
1377 2221 1544 2286 soles
1582 2221 1904 2302 admirari,
1948 2223 2090 2283 tan-

196 2307 322 2371 tum
363 2308 725 2373 industriae
770 2331 1027 2394 ponam,
1074 2310 1492 2393 committere,
1537 2312 1612 2374 ut
1646 2309 1984 2395 negligens
2022 2310 2093 2373 in

199 2396 523 2462 scribendo
586 2397 787 2462 fuisse
848 2398 1092 2483 videar,
1154 2398 1533 2483 praesertim
1590 2420 1786 2482 quum
1838 2399 1905 2462 id
1957 2419 2093 2463 non

198 2484 374 2549 modo
420 2486 842 2571 negligentis,
896 2488 1008 2552 sed
1062 2487 1259 2552 etiam
1302 2487 1543 2572 ingrati
1599 2487 1797 2551 animi
1851 2486 2093 2550 crimen

197 2570 478 2638 futurum
533 2575 635 2639 sit.
724 2574 970 2641 Verum
1022 2576 1184 2641 haec
1235 2576 1617 2642 videbimus:
1680 2575 1867 2660 illud,
1923 2575 2094 2659 quod
2131 2578 2166 2628 4

197 2662 536 2747 polliceris,
590 2664 783 2728 velim
837 2686 954 2748 pro
1007 2668 1124 2729 tua
1176 2665 1302 2731 fide
1348 2664 1808 2750 diligentiaque
1865 2666 1931 2728 et
1975 2685 2094 2747 pro

199 2753 411 2815 nostra
464 2774 601 2818 non
654 2753 979 2837 instituta,
1044 2755 1156 2818 sed
1209 2755 1341 2819 iam
1393 2754 1750 2819 inveterata
1813 2752 2098 2816 amicitia

202 2858 368 2904 cures
417 2846 474 2905 et
515 2841 779 2925 enitare,
824 2845 899 2906 ut
935 2842 1318 2927 supplicatio
1363 2843 1553 2908 nobis
1600 2863 1793 2925 quam
1835 2840 2096 2906 honori·

202 2926 598 2995 fioenfissime
645 2953 839 3015 quam
881 2932 1286 3016 primumque
1332 2933 1726 2998 decernatur.
1817 2928 2097 2996 Omnino

205 3017 392 3081 serius
451 3019 600 3084 misi
662 3020 938 3104 litteras,
1001 3043 1196 3105 quam
1258 3022 1513 3105 vellem,
1574 3020 1645 3084 in
1707 3040 1834 3102 quo
1900 3041 2097 3103 quum

205 3102 535 3173 difficultas
578 3109 933 3194 navigandi
976 3109 1105 3174 fuit
1149 3110 1390 3195 odiosa,
1433 3112 1574 3174 tum
1608 3110 1680 3173 in
1713 3109 1926 3192 ipsum
1972 3108 2096 3173 dis-

205 3212 438 3260 cessum
492 3202 755 3262 senatus
808 3198 1108 3262 incidisse
1174 3199 1362 3264 credo
1417 3219 1592 3262 meas
1646 3196 1922 3280 litteras}
1985 3195 2097 3263 sed

335 3405 434 3477 Ep.
471 3416 531 3478 9,
559 3415 609 3464 3.
691 3410 829 3478 neyl.
876 3409 942 3463 in
985 3407 1270 3463 scribendo
1317 3404 1461 3473 (edd.
1500 3405 1678 3473 vett).
1782 3418 1837 3456 n.
1886 3415 1990 3453 ser.
2036 3397 2097 3451 M

206 3487 256 3525 n.
292 3475 435 3550 [sev-,J
470 3480 532 3534 B.
605 3484 656 3534 4.
694 3479 794 3535 hoc
828 3476 1168 3535 videbimus?
