2338 3691
786 145 1322 203 EPISTOLARUM‘
1345 147 1414 202 V.
1450 154 1501 201 2.
1980 146 2107 212 123

176 292 401 377 caede,
475 292 706 358 urbem
768 292 1109 377 incendiis,
1180 292 1440 358 Italiam
1509 292 1680 357 bello
1751 290 2108 357 liberasset.

176 380 410 467 Itaque
477 403 599 468 ego
662 380 956 467 Metelle,
1025 382 1217 447 fratri
1277 385 1421 467 tuo,
1482 380 1810 466 praesenti
1869 381 2108 446 restiti:

177 492 334 536 nam
387 471 463 535 in
518 474 751 536 senatu
803 471 948 536 Kal.
1011 469 1332 536 Ianuariis
1396 469 1489 535 sic
1552 490 1700 535 cum
1753 491 1829 534 80
1893 469 1973 534 de
2034 491 2108 535 re

176 560 444 644 publica
490 559 831 644 disputavi,
875 563 951 623 ut
993 560 1265 624 sentiret
1309 558 1433 624 sibi
1477 580 1626 623 cum
1659 557 1799 623 viro
1838 557 1997 624 forti
2040 561 2110 623 et

178 649 517 713 constanti
562 669 702 713 esse
745 645 1199 735 pugnandum3
1258 670 1314 713 a.
1358 647 1421 712 d.
1465 661 1571 709 111.
1613 644 1786 712 Non.
1831 645 2109 731 Ianuar.,

178 758 385 821 quum
421 757 616 823 agere
652 738 986 822 coepisset,
1029 738 1223 803 tertio
1261 756 1517 822 quoque
1553 735 1751 800 verbo
1795 736 2108 802 orationis

179 848 336 891 suae
376 848 482 890 me
520 826 908 911 appellabat,
934 825 1096 891 mihi
1131 826 1522 909 minabatur,
1541 844 1765 908 tneque
1799 824 1898 889 illi
1925 824 2107 909 quid-

179 937 381 999 quam
420 913 834 980 deliberatius
867 916 998 980 fuit
1032 937 1229 999 quam
1254 936 1376 999 me,
1416 933 1817 999 quacumque
1852 914 2106 980 ratione

179 1004 434 1089 posset,
493 1025 631 1070 non
674 1004 910 1069 iudicio
953 1024 1165 1088 neque
1212 1002 1698 1087 disceptatione,
1743 1001 1856 1067 8811
1900 1003 1966 1067 11
2011 1007 2106 1069 at-

181 1114 306 1177 que
352 1093 779 1177 impressione
827 1096 1128 1159 evertere.
1215 1092 1428 1157 Huius
1486 1111 1609 1177 ego
1653 1091 2005 1156 temeritati
2050 1091 2108 1157 81

180 1182 425 1246 virtute
471 1185 667 1266 atque
712 1182 929 1247 animo
966 1203 1104 1247 non
1137 1182 1537 1264 restitissem,
1582 1180 1727 1264 quis
1765 1184 1952 1264 esset,
1994 1181 2107 1264 qui

181 1292 286 1335 1118
332 1271 408 1335 111
454 1272 793 1336 consulatu
837 1292 976 1336 non
1020 1292 1175 1336 casu
1218 1270 1435 1355 potius
1474 1268 1869 1334 existimaret
1911 1290 2106 1370 quam

184 1359 459 1425 consilio
505 1360 741 1425 fortem
786 1358 1031 1425 fuisse?
1109 1359 1292 1424 Haec
1336 1358 1392 1423 si
1435 1363 1508 1423 tu
1554 1356 1889 1422 Metellum
1932 1358 2106 1442 cogi·
2143 1370 2176 1420 9

182 1452 322 1513 tare
381 1448 462 1513 de
515 1470 620 1513 me
673 1449 961 1533 nescisti,
1026 1447 1219 1513 debes
1274 1448 1637 1549 existimare
1689 1449 1756 1510 te
1811 1445 2106 1510 maximis

185 1537 263 1602 de
306 1538 506 1602 rebus
553 1560 593 1601 a
636 1537 835 1602 fratre
883 1558 1021 1602 esse
1077 1537 1381 1620 celatum3
1436 1535 1538 1601 sin
1592 1538 1809 1601 autem
1864 1534 2107 1618 aliquid

185 1626 575 1711 impertivit
604 1627 726 1691 tibi
798 1626 898 1691 sui
957 1625 1240 1710 consilii,
1310 1625 1475 1690 lenis
1539 1645 1578 1689 a
1637 1627 1704 1688 18
1769 1627 1836 1688 81
1895 1623 2107 1689 facilis

187 1715 545 1781 existimari
590 1714 811 1801 debeo,
856 1715 967 1817 qui
1011 1714 1177 1779 nihil
1220 1718 1436 1779 tecum
1482 1712 1614 1777 de
1594 1713 1674 1777 118
1710 1712 1868 1797 ipsis
1913 1711 2106 1778 rebus

186 1805 606 1890 expostulem.
687 1803 795 1890 Et,
841 1805 897 1870 si
939 1803 1253 1906 intelligis
1297 1823 1433 1869 non
1477 1823 1578 1867 me
1625 1802 1797 1868 dicto
1842 1800 2107 1887 Metelli,

88 1958 93 1969 ,
184 1898 258 1959 ut
312 1894 570 1979 scribis,
625 1893 735 1959 sed
791 1893 1060 1959 consilio
1115 1894 1253 1958 eius
1309 1893 1650 1976 animoque
1704 1891 1775 1955 in
1827 1913 1931 1957 me
1983 1893 2106 1957 ini·

186 1983 538 2048 micissimo
587 2005 726 2047 8888
773 1987 1183 2067 commotum,
1229 2002 1547 2067 cognosce
1592 2000 1767 2044 nunc
1810 1980 2107 2045 humani-

184 2075 392 2137 tatem
436 2093 674 2156 meam,
728 2072 783 2136 si
827 2072 1199 2137 humanitas
1246 2069 1632 2173 appellanda
1676 2071 1777 2134 881
1818 2069 1890 2133 111
1933 2090 2107 2134 acer·

183 2161 456 2226 bissima
500 2161 738 2225 iniuria
781 2160 1073 2226 remissio
1119 2160 1321 2224 animi
1378 2180 1455 2222 ac
1500 2157 1861 2222 dissolutio.
1924 2158 2107 2223 nulla

186 2254 284 2314 est
330 2272 374 2314 a
410 2271 513 2314 me
549 2271 855 2334 umquam
900 2249 1225 2313 sententia
1269 2247 1494 2327 dicta
1474 2269 1546 2311 ιιι
1580 2245 1850 2311 fratrem
1891 2250 2107 2331 tuum3

187 2339 716 2423 quotiescumque
755 2337 994 2422 aliquid
1033 2341 1131 2402 est
1166 2322 1402 2420 actum,
1447 2335 1676 2400 sedens
1719 2335 1801 2399 118
1841 2335 2108 2420 assensi,

187 2427 297 2511 qui
343 2427 509 2492 mihi
553 2427 879 2491 lenissime
924 2427 1163 2491 sentire
1209 2426 1332 2491 visi
1378 2428 1547 2489 sunt.
1636 2422 1893 2489 Addam
1943 2424 2107 2489 illud

186 2517 405 2601 etiam,
451 2515 623 2600 quod
667 2516 799 2580 iam
844 2535 965 2601 ego
1013 2536 1236 2579 curare
1280 2536 1418 2579 non
1461 2512 1684 2592 debui,
1730 2512 1841 2577 sed
1885 2516 2108 2578 tamen

184 2606 326 2669 fieri
372 2626 512 2670 non
554 2605 823 2670 moleste
867 2604 989 2668 tuli
1026 2607 1219 2688 atque
1256 2603 1470 2686 etiam,
1513 2605 1589 2667 ut
1622 2602 1717 2666 ita
1750 2601 1951 2686 fieret,
1985 2623 2106 2686 pro

188 2716 332 2759 mea
369 2697 555 2778 parte
595 2693 828 2777 adiuvi,
872 2696 947 2756 ut
982 2692 1193 2757 senati
1229 2692 1524 2757 consulto
1565 2712 1745 2756 meus
1789 2691 2107 2774 inimicus,

189 2784 340 2867 quia
386 2787 539 2847 tuus
583 2783 786 2846 frater
822 2785 980 2866 erat,
1021 2782 1480 2846 sublevaretur.
1553 2779 1764 2856 Quare
1807 2799 1945 2843 non
1981 2798 2104 2881 ego
2145 2788 2214 2839 ιο

190 2871 566 2957 oppugnavi
609 2871 878 2936 fratrem
920 2875 1133 2955 tuum,
1181 2869 1291 2934 sed
1335 2869 1524 2933 fratri
1568 2871 1683 2933 tuo
1729 2867 2109 2953 repugnavi,

189 2981 304 3025 nec
350 2961 424 3024 in
468 2963 554 3044 18,
596 2962 674 3025 111
717 2959 960 3040 scribiS,
1007 2959 1225 3024 animo
1261 2958 1358 3023 fui
1395 2957 1637 3040 mobili,
1682 2956 1794 3021 sed
1837 2957 1932 3021 ita
1976 2959 2106 3022 sta-

189 3048 327 3135 bili,
391 3053 469 3114 ut
528 3050 601 3113 in
655 3070 799 3114 mea
860 3068 1016 3134 erga
1071 3052 1138 3113 te
1184 3048 1518 3113 voluntate
1574 3045 1770 3110 etiam
1815 3044 2106 3111 desertus

193 3138 267 3202 ab
308 3100 551 3203 ²officiis
595 3137 726 3202 tuis
770 3158 1231 3222 permanerem.
1319 3135 1535 3221 Atque
1579 3134 1706 3199 hoc
1757 3134 1900 3219 ipso
1944 3138 2106 3201 tem·

191 3248 343 3311 pore
394 3226 520 3291 tibi
573 3245 778 3311 paene
833 3226 1164 3291 minitanti
1225 3225 1414 3290 nobis
1476 3245 1593 3308 per
1635 3223 1884 3288 litteras
1941 3223 2105 3288 haec

193 3316 471 3382 rescribo
509 3318 702 3399 atque
738 3315 1122 3401 respondeo.
1165 3335 1287 3399 ego
1326 3313 1533 3377 dolori
1567 3316 1682 3376 tuo
1719 3333 1856 3377 non
1893 3311 2105 3376 solum

248 3471 259 3480 ο
321 3510 427 3579 Ep.
472 3514 524 3578 2,
557 3515 638 3565 10.
709 3509 841 3564 haec
876 3508 1113 3563 rescribo
1152 3505 1303 3573 (W.).
1374 3505 1474 3559 hoc
1507 3520 1555 3557 r.
1591 3502 1684 3568 Μ.,
1722 3501 1909 3568 vulgo.
