2338 3691
182 105 221 169 8
753 104 828 158 M.
859 102 1105 171 TULLII
1142 102 1524 160 CICERONIS

180 249 308 314 illis
352 248 566 313 fraudi
612 270 806 333 quam
849 248 968 313 tibi
1013 248 1320 312 futurum.
1393 245 1453 313 A
1499 269 1602 312 me
1647 249 1899 313 nullum
1930 252 2098 314 tem-

180 360 302 422 pus
348 337 881 421 praetermittitur
927 337 1003 403 de
1045 338 1175 401 tuis
1212 337 1403 401 rebus
1440 340 1506 401 et
1542 336 1777 422 agendi
1813 340 1879 401 et
1919 339 2099 423 cogi·

179 426 390 509 tandi3
433 429 583 491 utor
628 425 710 490 ad
757 426 974 490 omnia
1020 423 1091 500 Q.
1140 423 1402 509 Selicio,
1454 447 1663 509 neque
1718 426 1889 490 enim
1943 449 2099 510 pru-

182 515 539 580 dentiorem
575 536 962 599 quemquam
996 535 1073 577 ex
1108 514 1238 578 tuis
1273 535 1481 597 neque
1517 513 1642 578 fide
1683 515 1925 581 maiore
1953 536 2099 579 esse

181 604 393 668 iudico
439 625 647 687 neque
670 664 672 668 ,
696 603 1119 667 amantiorem
1163 603 1280 668 tui.

1039 796 1121 862 V.
1164 797 1228 862 b.

245 908 358 964 Scr.
387 909 596 966 Romae
623 926 813 965 mense
841 909 1146 964 Februario
1179 909 1331 978 (post
1355 907 1449 962 VI.
1478 908 1630 977 Idus)
1660 924 1710 962 a.
1738 926 1793 963 u.
1822 925 1868 962 c.
1899 914 2016 963 698.

463 1033 537 1103 M.
569 1032 823 1088 CICERO
863 1031 917 1086 S.
945 1031 1011 1085 D.
1041 1032 1100 1085 P.
1131 1031 1475 1086 LENTULO
1514 1031 1807 1087 PROCOS.

315 1132 442 1198 Hic
488 1154 651 1216 quae
697 1135 976 1217 agantur
1021 1152 1310 1216 quaeque
1357 1136 1502 1196 acta
1547 1133 1696 1216 sint,
1746 1129 1867 1219 [ea]
1914 1134 1981 1196 te
2025 1135 2097 1196 et

181 1221 414 1286 litteris
459 1222 825 1286 multorum·
845 1225 911 1284 et
945 1220 1191 1284 nuntiis
1229 1241 1541 1305 cognosse
1578 1221 1884 1304 arbitr0r3
1928 1242 2096 1304 quae

184 1314 400 1375 autem
442 1310 657 1395 posita
711 1313 863 1374 sunt
913 1307 985 1372 in
1030 1308 1398 1373 coniectura
1452 1331 1740 1394 quaeque
1794 1309 2097 1389 videntur

181 1398 348 1483 fore,
404 1421 480 1463 ea
532 1402 691 1485 puto
745 1398 867 1463 tibi
923 1419 963 1462 a
1015 1418 1117 1461 me
1174 1397 1363 1462 scribi
1420 1401 1733 1481 oportere.
1832 1396 2092 1462 Postea-

185 1509 378 1571 quam
420 1487 765 1571 Pompeius
811 1490 876 1551 et
920 1484 1090 1569 apud
1145 1486 1458 1571 populum
1503 1508 1558 1550 a.
1605 1485 1664 1549 d.
1710 1485 1893 1550 VIII.
1936 1484 2093 1550 Idus

183 1573 584 1659 FebruariaS,
628 1597 825 1658 quum
870 1595 988 1657 pro
1026 1573 1269 1638 Milone
1316 1573 1570 1658 diceret,
1616 1575 1893 1638 clamore
1940 1596 2093 1640 con-

184 1663 475 1747 vicioque
519 1663 796 1727 iactatus
844 1666 943 1726 est
980 1662 1051 1725 in
1096 1666 1452 1746 senatuque
1491 1686 1529 1726 a
1575 1660 1817 1726 Catone
1864 1683 2091 1746 aspere

185 1754 251 1813 et
313 1750 538 1815 acerbe
600 1751 871 1815 nimium
933 1771 1174 1835 magno
1249 1751 1504 1816 silentio
1576 1753 1673 1814 est
1735 1753 2090 1834 accusatuS,

185 1839 360 1903 visus
406 1842 505 1903 est
548 1838 708 1903 mihi
751 1839 1164 1904 vehementer
1209 1862 1345 1905 esse
1390 1838 1827 1926 perturbatus;
1871 1839 2091 1922 itaque

122 1977 125 1980 1
184 1926 625 1992 Alexandrina
679 1950 897 2010 causa,
961 1949 1122 2011 quae
1178 1929 1367 1994 nobis
1423 1929 1631 1994 adhuc
1652 1928 1941 2013 ,integra
1995 1931 2095 1992 est

121 3587 181 3609 -μ

187 2052 271 2062 --
317 2016 482 2080 nihil
537 2017 709 2081 enim
761 2017 882 2081 tibi
937 2016 1216 2081 detraxit
1268 2022 1530 2082 senatus
1585 2017 1711 2081 nisi
1764 2016 1857 2100 id,
1922 2016 2093 2100 quod

185 2126 301 2187 per
354 2105 622 2169 eandem
675 2106 1054 2190 religionem
1109 2105 1248 2182 dari
1302 2107 1487 2171 alteri
1539 2128 1675 2171 non
1728 2108 1945 2189 potest
1987 2140 2094 2188 —-,

187 2193 438 2257 videtur
483 2194 564 2259 ab
609 2193 721 2258 illo
767 2195 959 2277 plane
1015 2215 1152 2258 esse
1208 2194 1517 2279 deposita.
1605 2192 1798 2259 Nunc
1841 2194 1908 2257 id
1954 2214 2093 2277 spe-

186 2304 402 2346 ramus
447 2283 638 2366 idque
683 2284 1002 2367 molimur,
1044 2287 1120 2346 ut
1158 2304 1288 2366 reX,
1346 2305 1543 2367 quum
1578 2282 1902 2368 intelligat
1938 2303 2094 2365 sese,

189 2370 358 2453 quod
414 2371 768 2457 cogitabat,
829 2375 905 2436 ut
958 2393 997 2435 a
1049 2370 1356 2456 Pompeio
1411 2372 1777 2455 reducatur,
1840 2370 2094 2454 assequi

187 2480 323 2523 non
366 2481 554 2544 posse
601 2462 685 2544 et,
729 2460 854 2524 nisi
890 2481 1005 2544 per
1040 2462 1105 2524 te
1143 2461 1228 2523 sit
1271 2460 1623 2543 restitutus,
1668 2459 1990 2524 desertum
2027 2480 2094 2523 se

189 2551 381 2631 atque
427 2549 747 2622 abiectum
791 2548 949 2631 fore,
992 2547 1436 2632 proficiscatur
1472 2548 1554 2611 ad
1598 2552 1687 2612 te:
1738 2547 1911 2632 quod
1956 2548 2103 2611 sine·

188 2636 320 2700 ulla
365 2635 786 2720 dubitatione,
831 2637 886 2701 si
924 2636 1269 2719 Pompeius
1315 2636 1604 2720 paullum
1643 2636 1835 2701 modo
1883 2639 2094 2700 osten·

190 2724 355 2789 derit
399 2725 521 2789 sibi
564 2725 836 2808 placere,
879 2724 1089 2807 faciet,
1136 2724 1247 2789 sed
1291 2726 1467 2790 nosti
1501 2724 1783 2790 hominis
1828 2724 2093 2788 tardita-

187 2815 320 2876 tem
347 2815 413 2876 et
439 2813 974 2895 taciturnitatem3
1019 2834 1139 2877 nos
1166 2816 1387 2878 tamen
1422 2813 1605 2897 nihil,
1641 2813 1812 2896 quod
1844 2812 1925 2877 ad
1954 2833 2096 2876 eam

186 2922 324 2964 rem
350 2901 689 2985 pertineat,
714 2901 1303 2985 praetermittimus,
1366 2899 1609 2967 Ceteris
1636 2901 1906 2985 iniuriis,
1933 2922 2096 2984 quae

187 2989 556 3073 propositae
603 2992 756 3054 sunt
799 3011 839 3053 a
884 2985 1157 3073 Catone,
1200 2989 1416 3074 facile,
1468 2993 1543 3053 ut
1588 3010 1802 3073 spero,
1846 2989 2097 3053 resiste-

188 3099 348 3141 mus.
437 3076 736 3142 Amicum
790 3099 866 3142 ex
921 3078 1364 3143 consularibus
1417 3078 1742 3142 neminem
1794 3077 1915 3142 tibi
1960 3098 2099 3141 esse

188 3166 374 3230 video
419 3170 675 3249 praeter
717 3165 1139 3232 Hortensium
1186 3170 1251 3231 et
1295 3166 1662 3248 Lucullum3
1707 3166 1903 3230 ceteri
1947 3169 2103 3230 sunt

329 3374 432 3443 Ep.
473 3380 520 3429 5.
548 3374 605 3429 b.
646 3382 692 3429 1.
763 3375 894 3440 sint,
933 3375 1035 3443 [ea]
1074 3379 1124 3429 te
1161 3374 1311 3443 (W.).
1385 3391 1447 3441 s.,
1484 3391 1549 3429 ea
1584 3379 1635 3430 te
1668 3375 1797 3429 ΜΒ.
1856 3380 2105 3444 aqwntur

191 3484 206 3499 .
227 3483 241 3497 .
262 3483 276 3497 .
312 3449 459 3510 sunt,
495 3460 560 3499 ea
596 3444 766 3507 (WM
802 3475 873 3484 —
910 3460 1222 3514 cognoscere
1257 3444 1403 3512 (edd.
1441 3448 1639 3515 vett.)?
1761 3473 1764 3476 ·
