2338 3691
737 129 1257 185 EPISTOLARUM
1294 128 1510 184 X1.2e.
1551 134 1633 183 29.
2006 127 2137 191 375

223 301 359 345 non
396 280 620 342 amant
654 280 919 363 propter
956 296 1166 339 meam
1202 274 1274 339 in
1312 271 1650 339 Caesarem
1687 273 2138 358 constantiam,

221 390 360 434 non
415 367 648 431 malint
700 366 827 431 mei
882 386 1077 449 quam
1132 364 1232 429 sui
1287 362 1524 428 similes
1588 361 1829 427 amicos
1881 361 2137 426 habere.

222 456 388 521 Mihi
436 455 693 540 quidem
741 455 796 519 si
852 455 1077 539 optata
1132 452 1540 537 contingent,
1594 451 1766 536 quod
1820 451 2138 535 reliquum

227 548 326 610 est
369 545 567 630 vitae,
622 544 692 609 in
747 543 880 609 otio
926 541 1142 607 Rhodi
1197 541 1453 626 degam3
1508 539 1611 605 sin
1665 561 1850 605 casus
1907 540 2136 624 aliquis

227 634 679 718 interpellarit,
733 632 827 697 ita
872 652 980 697 ero
1026 630 1299 714 Romae,
1353 632 1428 694 ut
1478 632 1649 693 recte
1692 628 1834 693 fieri
1889 650 2139 713 semper

228 723 499 806 cupiam.
571 720 875 786 Trebatio
921 722 1146 785 nostro
1186 738 1458 804 magnas
1497 738 1620 804 ago
1657 718 1921 803 gratias,
1967 717 2139 802 quod

226 815 414 875 tuum
476 831 630 896 erga
693 831 795 875 me
859 810 1147 874 animum
1211 807 1564 892 simplicem
1618 809 1810 891 atque
1863 807 2141 871 amicum

227 900 482 982 aperuit
525 904 591 963 et
635 898 826 983 quod,
870 919 1035 981 eum,
1080 917 1272 981 quem
1318 917 1569 980 semper
1609 896 1887 960 libenter
1931 894 2140 980 dilexi,

227 1009 357 1071 quo
422 989 630 1074 magis
692 988 830 1054 iure
894 988 1101 1052 colere
1166 989 1358 1069 atque
1423 983 1761 1050 observare
1825 985 2140 1069 deberem,

226 1076 400 1141 fecit.
487 1076 666 1142 Bene
712 1076 855 1142 vale
900 1078 968 1141 et
1010 1096 1111 1139 me
1159 1074 1369 1160 dilige.

1058 1250 1302 1317 XXIX.

514 1357 629 1414 Ser.
667 1357 896 1413 ineunte
932 1373 1124 1412 mense
1161 1353 1433 1421 Quinctili
1468 1370 1518 1409 a.
1556 1372 1612 1409 u.
1648 1369 1697 1409 c.
1737 1358 1856 1410 710.

710 1499 719 1507 ·
832 1479 1089 1536 CICERO
1129 1478 1341 1535 OPPIO
1380 1478 1433 1533 S.
1472 1479 1538 1533 D.

361 1571 707 1637 Dubitanti
751 1572 910 1637 mihi
955 1609 1039 1619 —
1087 1571 1260 1656 quod
1307 1571 1428 1636 scit
1472 1569 1731 1636 Atticus
1788 1572 2010 1634 noster
2056 1605 2138 1616 -

230 1661 310 1724 de
354 1660 479 1724 hoc
522 1664 663 1726 toto
702 1661 969 1726 consilio
1007 1659 1445 1745 profectioniS,
1491 1659 1716 1744 quod
1697 1681 1767 1723 ιιι
1804 1662 2141 1742 utramque

230 1752 481 1838 partem
525 1749 597 1813 in
641 1754 925 1816 mentem
969 1750 1176 1815 multa
1219 1749 1584 1833 veniebant,
1629 1768 1939 1834 magnum
1982 1768 2140 1833 pon-

231 1828 352 1903 dus
413 1837 683 1904 accessit
746 1838 827 1904 ad
889 1838 1245 1905 tollendam
1307 1800 1774 1904 dubitationem
1837 1836 2143 1904 iudicium

230 1930 297 1992 et
352 1928 692 1992 consilium
744 1932 955 2011 tuum3
1009 1950 1164 1992 nam
1217 1931 1283 1992 et
1336 1927 1649 2012 scripsisti
1695 1930 1941 2011 aperte,
1987 1925 2141 2010 quid

228 2016 352 2079 tibi
415 2016 762 2100 videretur,
827 2021 893 2080 et
928 2014 1202 2080 Atticus
1258 2016 1339 2081 ad
1394 2037 1496 2081 me
1543 2037 1903 2081 sermonem
1955 2018 2142 2079 tuum

230 2104 515 2188 pertulit.
589 2102 854 2189 Semper
897 2104 1176 2169 iudicavi
1219 2105 1289 2168 in
1333 2108 1398 2169 te
1435 2108 1501 2169 et
1535 2105 1606 2169 in
1643 2104 1954 2189 capiendo
1993 2124 2141 2168 con·

232 2193 377 2257 silio
422 2193 832 2277 prudentiam
887 2215 1204 2258 summam
1258 2214 1395 2258 esse
1442 2197 1508 2258 et
1551 2194 1622 2258 in
1676 2193 1889 2258 dando
1933 2192 2144 2276 fidem,

230 2281 631 2366 maximeque
678 2303 821 2346 sum
868 2286 1196 2366 expertus,
1251 2304 1448 2366 quum
1501 2282 1688 2347 initio
1735 2281 1938 2346 civilis
1991 2282 2145 2345 belli

229 2391 349 2453 per
391 2371 642 2434 litteras
695 2373 761 2435 te
817 2371 1307 2454 consuluissem,
1361 2371 1513 2455 quid
1568 2370 1728 2435 mihi
1779 2369 2144 2435 faciendum

231 2480 373 2523 esse
419 2479 737 2543 censeres,
791 2459 1154 2524 eundumne
1203 2459 1291 2523 ad
1328 2458 1707 2544 Pompeium
1751 2481 1837 2523 an
1882 2480 2144 2524 manen-

231 2547 387 2610 dum
450 2548 521 2611 in
583 2546 800 2612 Italia:
874 2548 1163 2632 suasisti,
1234 2551 1310 2612 ut
1372 2549 1771 2614 consulerem
1842 2547 2145 2633 dignitati

230 2656 439 2719 meae3
484 2657 562 2700 ex
609 2657 754 2720 que,
800 2636 954 2720 quid
999 2637 1290 2722 sentires»,
1333 2637 1618 2702 intellexi
1665 2640 1730 2702 et
1766 2659 1909 2701 sum
1947 2636 2143 2701 admi-

232 2727 413 2789 ratus
457 2724 651 2789 fidem
694 2729 875 2790 tuam
921 2729 986 2790 et
1037 2726 1108 2790 in
1154 2726 1424 2791 consilio
1481 2726 1694 2791 dando
1749 2724 2145 2811 religionem,

229 2811 424 2896 quod,
469 2835 668 2897 quum
714 2813 889 2879 aliud
924 2814 1115 2879 malle
1153 2814 1609 2880 amicissimum
1643 2818 1830 2879 tuum
1863 2816 2145 2900 putares,

230 2901 563 2985 antiquius
608 2901 730 2967 tibi
785 2902 1069 2968 officium
1113 2924 1328 2968 meum
1387 2926 1580 2988 quam
1623 2902 1797 2968 illius
1842 2904 2144 2968 voluntas

228 2989 377 3054 fuit.
446 2989 766 3075 Equidem
803 2994 869 3056 et
905 2996 1055 3056 ante
1091 2992 1216 3056 hoc
1251 2995 1505 3077 tempus
1542 2995 1607 3056 te
1645 2991 1836 3056 dilexi
1882 2995 1947 3056 et
1983 3014 2144 3057 sem-

229 3098 349 3162 per
392 3100 493 3143 me
541 3101 582 3143 a
624 3083 689 3144 te
736 3080 918 3166 diligi
964 3080 1162 3145 sensi:
1223 3084 1316 3166 et,
1362 3102 1559 3165 quum
1613 3081 1904 3147 abessem
1951 3084 2144 3166 atque

229 3167 303 3230 in
338 3168 594 3253 magnis
631 3169 930 3253 periculis
969 3190 1193 3254 essem,
1238 3172 1305 3233 et
1340 3190 1440 3233 me
1477 3169 1812 3234 absentem
1856 3172 1923 3234 et
1966 3192 2143 3236 meos

229 3260 603 3339 praesentes
658 3278 698 3321 a
741 3260 806 3322 te
853 3258 1060 3323 cultos
1112 3260 1181 3322 et
1224 3257 1522 3322 defensos
1578 3279 1716 3323 esse
1771 3259 2035 3324 memini
2079 3264 2145 3324 et

373 3413 474 3484 Ep
506 3420 592 3483 28,
620 3420 669 3471 8.
715 3416 877 3500 quod,
903 3415 1204 3485 eum(W..)
1276 3415 1567 3485 quodcum
1594 3415 1780 3498 vulgo.
1853 3414 1964 3537 Eg.
1986 3420 2070 3481 29,
2090 3418 2142 3467 2.

227 3485 402 3540 nemi:
437 3489 538 3540 et.
595 3488 867 3542 .memim'
902 3489 952 3542 et
989 3487 1140 3555 (Wn)
1212 3501 1255 3541 ε.
1264 3506 1288 3553 ,·
1322 3491 1424 3541 et.
1482 3485 1781 3549 .noemim’;
1816 3488 1868 3539 et
