2338 3691
464 170 984 229 EPISTOLARUM
1018 169 1118 225 AD
1157 167 1220 234 Q.
1257 156 1629 224 FRATREM
1659 169 1727 223 II.
1767 174 1813 223 2.
1853 176 1902 223 3.
2010 166 2141 232 595

216 323 401 386 ueste
464 318 898 399 discessimus3
958 313 1253 398 prodicta
1318 308 1456 377 dies
1511 316 1608 378 est
1659 313 1730 377 in
1785 330 1923 377 VIII.
1982 311 2136 377 Idus

219 407 407 473 Febr.
495 405 767 471 Interim
811 404 1075 469 reiectis.
1108 401 1547 488 legationibus
1590 402 1661 464 in
1705 400 1859 466 Idus
1904 400 2134 465 10101·οε

220 497 415 561 batur
451 495 528 559 de
565 493 912 579 provinciis
950 495 1363 575 quaestorum
1400 494 1466 555 et
1501 490 1579 553 de
1622 489 1928 554 ornandis
1955 510 2136 572 prae⁴

220 584 502 665 toribus:
545 582 658 647 red
703 603 807 646 res
850 580 1071 645 multis
1118 580 1391 664 querelis
1430 578 1507 643 de
1542 600 1612 642 re
1649 578 1906 663 publica
1940 578 2137 642 inter-³

224 672 541 757 ponendis
586 670 768 735 nulla
819 670 1150 733 transacta
1209 670 1323 733 est.
1415 664 1483 732 C.
1528 664 1689 731 Cato
1734 667 1946 751 legem
1990 687 2137 749 pro·

224 760 542 845 mulgavit
597 758 674 822 de
728 758 998 842 imperio
1043 756 1322 822 Lentulo
1378 754 1778 840 abrogando:
1832 754 2138 820 vestitum

227 849 398 913 filius
460 848 752 912 mutavit.
841 845 920 910 A.
984 846 1043 909 d.
1097 862 1237 910 VIII.
1303 844 1397 908 Id.
1458 842 1644 908 Febr.
1706 842 1864 907 Milo
1930 842 2135 908 affuit:
2164 864 2199 904 2-

225 938 390 1001 dixit
413 935 758 1019 Pompeius
805 935 937 998 sive
977 934 1200 1017 voluit,
1243 954 1415 1015 nam,
1459 935 1534 997 ut
1569 932 1861 1016 surrexit,
1906 953 2137 1017 operae

227 1023 577 1091 Clodianae
625 1025 970 1088 clamorem
1015 1022 1444 1105 sustulerunt,
1483 1021 1677 1105 idque
1724 1020 1783 1085 01
1827 1023 2139 1105 perpetua

226 1113 521 1179 oratione
568 1112 868 1196 contigit,
930 1132 1066 1175 non
1109 1110 1302 1175 modo
1358 1114 1434 1173 ut
1486 1109 1973 1193 acclamatione,
2028 1108 2140 1172 sed

228 1206 305 1266 ut
349 1200 639 1266 convicio
684 1204 750 1265 et
782 1199 1139 1263 maledictis
1177 1198 1610 1282 impediretur.
1682 1196 1805 1273 Qui
1849 1200 1926 1262 ut
1957 1218 2140 1281 pero-

226 1290 399 1355 ravit
424 1324 509 1335 ——-
537 1310 691 1353 nam
736 1289 806 1351 in
851 1309 926 1352 eo
974 1309 1129 1351 sane
1175 1287 1364 1351 fortis
1408 1286 1558 1351 fuit:
1613 1308 1749 1350 non
1795 1289 1893 1350 est
1937 1285 2145 1350 detera

226 1378 418 1460 ritus:
483 1377 643 1441 dixit
697 1376 914 1440 omnia
979 1379 1171 1459 atque
1234 1375 1559 1439 interdum
1615 1374 1809 1439 etiam
1865 1374 2142 1457 silentiO,
2161 1381 2174 1394 ⁶

228 1488 378 1530 cum
431 1465 814 1530 auctoritate
858 1465 902 1543 †
945 1467 1286 1549 peregerat
1330 1499 1415 1510 —
1425 1514 1444 1548 ,
1509 1463 1621 1528 sed
1674 1465 1750 1527 ut
1800 1464 2143 1547 peroravit,

229 1554 508 1619 surrexit
543 1550 830 1618 Clodius:
877 1553 936 1616 ei
979 1556 1204 1617 tantus
1252 1553 1494 1617 clamor
1540 1574 1579 1616 a
1624 1552 1864 1616 nostris
1892 1588 1977 1598 —
2005 1553 2139 1637 pla-

229 1645 452 1707 cuerat
503 1641 676 1706 enim
729 1640 966 1705 referre
1031 1641 1309 1726 gratiam
1354 1677 1467 1724 -‚
1539 1644 1615 1704 ut
1665 1661 1872 1724 neque
1926 1645 2143 1706 mente

227 1752 348 1796 nec
392 1731 619 1815 lingua
662 1750 870 1814 neque
917 1750 1025 1794 ore
1073 1730 1469 1794 consisteret.
1541 1727 1643 1794 Ea
1685 1749 1789 1793 res
1838 1731 1982 1793 acta
2027 1734 2143 1814 est,

230 1840 428 1904 quum
481 1818 645 1884 hora
700 1822 880 1883 sexta
933 1818 1041 1882 vix
1092 1816 1437 1902 Pompeius
1492 1820 1884 1903 perorasset,
1938 1839 2141 1903 usque

230 1907 313 1972 ad
356 1907 586 1973 horam
629 1924 797 1990 vm„
851 1928 1049 1991 quum
1095 1908 1314 1972 omnia
1357 1906 1724 1991 maledicta,
1768 1929 1990 1972 versus
2037 1908 2141 1972 de-

227 1997 423 2080 nique
487 1995 971 2061 obscoenissimi
1032 1995 1104 2059 in
1157 1993 1452 2060 Clodium
1517 1998 1584 2060 et
1626 1993 1919 2060 Clodiam
1977 1997 2141 2062 dice·

226 2087 471 2149 rentur.
559 2082 677 2148 Ille
721 2084 942 2148 furens
988 2087 1055 2147 et
1099 2085 1441 2169 exsanguis
1494 2084 1943 2170 interrogabat
1988 2107 2139 2171 suos

227 2172 304 2236 in
348 2173 622 2236 clamore
674 2173 844 2256 ipso,
899 2171 1042 2255 quis
1088 2175 1283 2256 esset,
1341 2173 1452 2256 qui
1504 2173 1758 2255 plebem
1812 2173 1984 2236 fame
2029 2195 2137 2237 ne-

235 2263 436 2324 caret:
482 2261 957 2343 respondebant
1003 2280 1259 2345 operae:
1304 2259 1756 2344 „Pompeius;“
1801 2261 1944 2344 quis
1988 2260 2138 2324 Ale-

229 2348 581 2412 xandream
633 2348 724 2412 ire
783 2351 1068 2432 cuperet:
1131 2348 1635 2433 respondebant:
1697 2346 2138 2433 „Pompeius“;

230 2458 422 2520 quem
479 2437 572 2500 ire
627 2437 893 2501 vellent:
944 2436 1448 2521 respondebant:
1509 2435 1887 2521 ,‚Crassum“
1942 2474 2027 2484 -
2081 2439 2137 2502 is

228 2525 453 2590 aderat
520 2528 662 2589 tum
725 2525 956 2590 Miloni
1028 2526 1244 2590 animo
1308 2546 1443 2590 non
1516 2526 1720 2591 amico
1776 2562 1876 2590 —.
1957 2525 2139 2592 Hora

227 2613 363 2678 fere
406 2635 584 2679 nona
637 2614 820 2697 quasi
875 2614 1063 2699 signo
1118 2613 1270 2678 dato
1327 2611 1621 2678 Clodiani
1674 2618 1932 2679 nostros
1988 2637 2137 2680 con-

228 2705 488 2786 sputare
543 2705 917 2786 coeperunt·
982 2703 1219 2766 exarsit
1273 2702 1474 2766 dolor.
1572 2702 1820 2787 Urgere
1877 2703 2001 2787 illi,
2062 2706 2138 2766 ut

225 2790 368 2855 1000
422 2812 545 2855 1100
598 2794 956 2873 moverent3
1017 2790 1229 2855 factus
1284 2793 1392 2874 ‘est
1446 2812 1485 2854 a
1537 2791 1777 2855 nostris
1839 2791 2137 2875 impetuS‚

223 2877 385 2963 fuga
430 2899 797 2963 operarum3
852 2879 1091 2942 eiectus
1145 2878 1224 2942 de
1268 2878 1496 2943 rostris
1543 2877 1804 2944 Clodius
1813 2930 1831 2963 ‚
1887 2900 1961 2942 ac
2014 2901 2135 2944 nos

223 2987 479 3052 quoque
531 2971 673 3031 tum
726 2966 1038 3050 fugimuS,
1090 2987 1173 3030 ne
1230 2966 1383 3050 quid
1434 2966 1505 3031 in
1556 2967 1767 3031 turba.
1866 2971 2134 3033 Senatus

365 3157 467 3228 Ep.
505 3164 555 3213 3.
596 3165 644 3212 1.
716 3158 782 3212 in
827 3157 1015 3212 VIII.
1072 3158 1218 3212 Idus
1255 3158 1464 3226 (Mam).
1546 3159 1610 3211 in
1656 3157 1804 3211 VII.
1860 3157 2005 3212 Idus
2038 3158 2131 3226 M.,

219 3229 307 3284 cd.
337 3228 534 3294 Laudi,
554 3229 616 3282 B.
673 3229 736 3282 in
766 3229 945 3281 IIII.
976 3229 1122 3282 Idus
1145 3228 1249 3282 ΕΙ.
1307 3234 1355 3281 2.
1395 3229 1468 3281 A.
1496 3228 1548 3282 d.
1582 3227 1770 3281 VIII.
1801 3228 1893 3282 Id.
1925 3228 2132 3298 (Man).

217 3301 292 3355 A.
331 3300 385 3354 d.
434 3299 582 3353 VII.
621 3299 714 3353 Id.
753 3299 854 3366 M.,
902 3299 986 3353 cd.
1023 3298 1231 3365 Laudi,
1269 3300 1338 3365 Ι.,
1376 3298 1438 3352 Β.
1530 3299 1602 3351 A.
1640 3299 1693 3351 d.
1742 3298 1924 3352 IIII.
1959 3298 2024 3351 R.
2066 3329 2131 3339 —-

219 3371 549 3426 auctoritate
581 3385 787 3439 semper
821 3401 918 3435 —‚
953 3371 1046 3424 sed
1082 3369 1225 3438 (L.)‘?
1270 3399 1338 3408 —
1385 3367 1717 3433 „Crassum“
1752 3399 1818 3408 —-
1856 3369 1908 3421 is
1943 3369 2134 3421 aderat

217 3447 336 3496 tum
377 3441 590 3495 Miloni
626 3457 676 3495 a.
714 3455 828 3494 non
864 3441 1037 3495 amico
1067 3468 1151 3493 -—.
1189 3438 1351 3493 Hora
1381 3438 1529 3506 (W.).
1602 3436 1770 3502 „C'r.“
1815 3437 1883 3491 Is
1920 3453 1969 3490 a.
1999 3442 2131 3503 tum,

230 3512 301 3561 Μ
440 3513 615 3566 amico
686 3510 764 3564 H.
800 3510 987 3566 vulco²
1544 3524 1551 3531 ·

1601 3592 1708 3645 38·
