2338 3691
664 170 1180 226 EPISTOLARUM
1214 171 1364 225 XIIl.
1403 176 1627 225 32—36.
1968 167 2098 232 451

187 316 589 401 cognovique
647 316 915 400 dignum
980 319 1046 379 et
1098 319 1282 400 patre
1346 319 1412 380 et
1474 336 1594 380 avo
1642 351 1725 360 -—
1775 317 1875 378 est
1931 313 2104 378 enim

188 405 592 469 nobilissima
635 405 884 468 familia
928 427 1041 467 -ε
1102 408 1495 488 quapropter
1550 403 1926 468 commendo
1981 402 2103 465 tibi

187 494 498 558 maiorem
541 494 612 556 in
657 493 920 557 modum
956 514 1091 556 rem
1133 493 1520 576 domumque
1558 493 1693 556 eius
1713 508 1720 514 ·
1737 512 2103 575 magnoque

188 603 382 665 opere
430 582 545 645 abs
581 585 647 645 te
674 585 846 665 pet0,
883 602 1083 665 oureS,
1127 585 1203 646 ut
1237 581 1294 645 is
1328 581 1653 666 intelligat
1688 602 1898 645 meam
1936 600 2104 643 oom-

187 670 671 734 mendationem
714 670 994 734 maximo
1044 669 1165 733 sibi
1214 671 1384 754 apud
1419 672 1485 734 te
1523 674 1589 733 et
1625 669 1994 753 adiumento
2040 671 2107 732 et

190 762 575 824 ornamento
615 758 833 822 fuisse.

1008 951 1282 1018 XXXV.

755 1064 868 1119 Sor.
907 1064 1118 1119 Romae
1156 1081 1205 1118 a.
1245 1082 1297 1117 u.
1336 1081 1383 1118 e.
1424 1070 1541 1119 708.

542 1188 798 1243 CICERO
836 1187 1078 1243 ACILIO
1114 1186 1574 1244 PROCONSULI
1613 1187 1761 1243 SAL.

212 1324 219 1329 ‚
333 1286 400 1352 C.
428 1287 742 1353 Avianius
769 1287 1162 1354 Philoxenus
1192 1288 1496 1372 antiquus
1535 1294 1633 1353 est
1666 1289 1901 1373 hospes
1931 1311 2109 1353 meus
2149 1298 2178 1346 1

197 1380 265 1442 et
309 1382 564 1461 praeter
616 1377 972 1461 hospitium
1023 1377 1210 1441 valde
1258 1377 1452 1441 etiam
1505 1377 1868 1459 familiariS,
1922 1399 2110 1462 quem

198 1463 436 1530 Caesar
480 1488 623 1530 meo
661 1465 972 1530 beneficio
1009 1466 1080 1529 in
1115 1464 1641 1531 Novocomenses
1677 1466 1953 1549 rettulit3
1998 1488 2111 1530 no-

197 1576 350 1618 men
397 1558 612 1619 autem
648 1554 911 1618 Avianii
958 1558 1214 1618 secutus
1257 1558 1372 1638 est,
1419 1555 1588 1637 quod
1625 1555 1886 1619 homine
1932 1555 2111 1619 nullo

197 1645 346 1727 plus
393 1647 493 1707 est
536 1665 691 1707 usus
738 1664 931 1726 quam
977 1641 1210 1708 Flacco
1256 1641 1561 1727 AvianiO,
1607 1665 1770 1727 meo,
1814 1644 2115 1727 quemad-

198 1731 464 1796 modum
516 1734 582 1796 te
638 1732 799 1796 seire
845 1732 1148 1815 arbitror,
1206 1731 1735 1797 familiarissimo:
1783 1754 1945 1816 quae
1992 1753 2112 1817 ego

199 1821 422 1885 omnia
474 1821 732 1906 collegi,
794 1823 870 1885 ut
924 1820 1318 1906 intelligeres
1382 1842 1518 1886 non
1580 1821 1912 1907 vulgarem
1977 1842 2113 1885 esse

199 1910 825 1974 commendationem
870 1910 1041 1973 hano
1086 1932 1314 1973 meam.
1403 1909 1563 1975 Peto
1618 1910 1817 1995 igitur
1872 1910 1986 1974 abs
2031 1915 2116 1995 te,
2152 1924 2192 1971 2

197 2002 277 2063 ut
332 1999 630 2062 omnibus
684 1998 905 2081 rebuS‚
970 1998 1139 2082 quod
1197 1998 1334 2062 sine
1389 1999 1685 2063 molestia
1739 2003 1854 2063 tua
1904 1999 2113 2063 faeere

198 2087 440 2171 possis,
500 2087 557 2151 ei
604 2087 969 2151 commodes
1014 2086 1381 2171 habeasque
1427 2088 1497 2151 in
1542 2110 1810 2151 numero
1856 2090 2116 2152 tuorum

199 2175 650 2259 perficiasque,
700 2179 777 2240 ut
820 2175 1145 2260 intelligat
1189 2175 1309 2239 has
1353 2176 1601 2240 litteras
1656 2198 1832 2240 meas
1876 2196 2114 2259 magno

205 2263 334 2326 sibi
385 2265 528 2328 usui
580 2264 808 2329 fuisse:
862 2265 985 2329 erit
1035 2263 1102 2327 id
1156 2263 1317 2328 mihi
1372 2265 1679 2329 maiorem
1733 2265 1803 2328 in
1856 2264 2122 2328 modum

203 2355 482 2437 gratum.

1012 2545 1318 2612 XXXVI.

774 2656 888 2713 Ser.
926 2650 1224 2713 Romaea.
1264 2678 1316 2713 u.
1355 2676 1401 2713 e.
1444 2665 1562 2715 708.

473 2780 770 2837 CICERO
804 2780 1095 2836 ACILIO
1134 2782 1656 2839 PROCONSULI
1687 2781 1854 2838 SAL.

340 2879 504 2946 Cum
550 2882 879 2946 Demetrio
926 2881 1119 2967 Mega
1173 2883 1333 2947 mihi
1386 2887 1712 2949 vetustum
1766 2883 2119 2968 hospitium
2158 2901 2185 2948 1

197 2974 337 3054 est,·
395 2971 802 3034 familiaritas
868 2974 1082 3034 autem
1135 2975 1347 3056 tanta,
1403 2977 1647 3056 quanta
1705 2993 1849 3037 cum
1906 2970 2118 3038 Siculo

197 3060 405 3126 nullo.
495 3058 581 3123 Ei·
622 3058 964 3124 Dolabella
1016 3064 1251 3144 rogatu
1305 3082 1448 3125 meo
1510 3061 1835 3126 civitatem
1882 3083 1920 3124 a
1966 3060 2118 3125 Cae-

199 3170 349 3214 sare
387 3148 774 3232 impetravit,
821 3170 947 3230 qua
982 3147 1052 3211 in
1087 3170 1156 3211 re
1196 3169 1315 3234 ego
1352 3149 1644 3233 interfui3
1687 3150 1904 3231 itaque
1947 3172 2121 3213 nuno

194 3238 276 3304 P.
307 3234 642 3302 Cornelius
668 3241 960 3320 vocatur3
1003 3258 1325 3321 quumque
1354 3242 1619 3321 propter
1648 3237 1958 3321 quosdam
1989 3258 2119 3300 sor-

354 3446 457 3516 Ep.
496 3453 579 3500 34.
655 3463 757 3502 avo
795 3475 860 3485 —
899 3451 975 3502 est
1012 3488 1059 3500 ..
1097 3446 1321 3513 familia
1355 3465 1452 3498 —.·
1489 3461 1536 3514 q.
1577 3443 1724 3511 (W.).
1800 3410 1931 3505 avo}
1966 3444 2117 3494 est..

190 3522 237 3591 f.
309 3517 372 3587 Q.
410 3518 596 3588 vulgo.
1467 3567 1470 3570 ,
