2338 3691
267 129 398 194 478
831 128 906 181 M.
945 127 1194 182 TULLII
1231 126 1618 183 CICERONIS

266 275 506 339 multos
560 272 761 336 libros
825 270 1240 355 surripuisset
1289 293 1410 337 nec
1466 294 1533 337 se
1587 272 1850 358 impune
1902 274 2191 341 laturum

267 364 543 446 putaret,
588 358 855 444 aufugit.
945 358 1013 423 Is
1059 363 1160 424 est
1212 359 1285 423 in
1335 361 1668 444 provincia
1720 366 1860 427 tua:
1917 384 2067 427 eum
2122 369 2191 428 et

266 449 355 514 M.
401 449 709 533 Bolanus,
753 468 924 513 naeus
966 448 1306 513 familiaris
1315 499 1334 532 ‚
1379 451 1445 513 et
1489 450 1678 514 multi
1725 451 1835 514 alii
1879 449 2190 516 Naronae

266 537 580 620 viderunt,
626 537 756 620 sed,
801 558 998 620 quum
1044 558 1112 601 se
1158 559 1199 600 a
1241 558 1345 601 me
1390 538 1860 603 manumissum
1904 561 2045 604 esse
2094 540 2187 604 di·

267 628 464 707 ceret,
509 626 930 690 crediderunt.
1026 624 1222 689 Hunc
1273 628 1347 690 tu
1401 626 1458 690 si
1510 626 1672 690 mihi
1716 627 2182 693 restituendum

269 715 529 795 curaris,
575 736 709 779 non
753 735 1020 797 possum
1065 713 1291 797 dicere,
1337 735 1532 798 quam
1575 715 1738 779 mihi
1782 720 2039 800 gratum
2085 717 2181 780 fu·

266 806 484 867 turum
531 803 646 867 sit:
707 824 811 867 res
873 801 1018 886 ipsa
1078 824 1306 886 parva,
1371 802 1482 867 sed
1546 804 1745 867 animi
1808 805 1937 868 mei
2001 804 2187 869 dolor

267 911 542 976 magnus
588 894 702 993 est.
790 888 923 955 Ubi
977 891 1064 992 eit
1081 894 1184 1042 het
1228 889 1381 992 quid
1423 890 1561 955 fieri
1612 892 1847 976 possit,
1892 891 2181 957 Bolanus

265 980 685 1133 Ym‘iffie'ffl}
714 999 880 1133 ,θῗὲ
909 1000 1596 1133 bzzffiz'ssffissffimffif
1613 984 2183 1135 mssssitssssffiffmm’

1041 1259 1401 1327 LXXVIII.

647 1372 761 1430 Ser.
799 1372 1009 1428 Romae
1046 1373 1278 1428 ineunte
1315 1390 1462 1427 anno
1497 1392 1552 1428 u.
1589 1389 1638 1429 c.
1677 1380 1794 1430 708.

706 1496 781 1552 Μ.
821 1495 1082 1552 CICERO
1117 1497 1190 1551 A.
1228 1496 1551 1552 ALLIENO
1592 1496 1743 1553 SAL.

396 1595 804 1663 Democritus
859 1593 1194 1680 Sicyonius
1247 1619 1381 1662 non
1436 1598 1643 1663 solum
1705 1597 1942 1682 hospes
1997 1620 2177 1663 meus

264 1689 389 1770 est,
445 1686 557 1751 sed
612 1687 833 1768 etiam,
890 1685 1059 1770 quod
1114 1707 1249 1749 non
1302 1686 1524 1751 multis
1571 1687 1868 1771 contigit,
1916 1686 2178 1753 Graecis

262 1773 658 1861 praesertim,
702 1772 885 1838 valde
923 1773 1288 1858 familiaris;
1335 1778 1434 1838 est
1470 1775 1640 1838 enim
1686 1775 1755 1838 in
1801 1796 1877 1839 eo
1925 1798 2176 1841 summo

261 1864 571 1948 probitas,
615 1885 867 1927 summa
911 1862 1142 1947 virtue,
1198 1884 1450 1927 summa
1491 1865 1560 1927 in
1605 1864 1893 1948 hospites
1947 1866 2176 1930 libera·

262 1952 413 2037 litas
458 1955 525 2015 et
570 1950 1003 2034 observantia,
1049 1972 1278 2035 meque
1320 1955 1577 2036 praeter
1621 1955 1866 2018 ceteros
1913 1956 1979 2017 et
2024 1955 2177 2019 colit

262 2043 330 2104 et
382 2039 683 2104 observat
736 2042 802 2103 et
856 2038 1094 2123 diligit:
1150 2061 1298 2104 eum
1351 2043 1425 2104 tu
1477 2062 1612 2104 non
1666 2041 1857 2106 modo
1913 2063 2175 2107 suorum

262 2128 522 2211 civium,
565 2148 789 2192 verum
831 2148 1035 2211 paene
1080 2126 1365 2192 Achaiae
1409 2128 1764 2213 principem
1809 2150 2174 2214 cognosces,

262 2216 434 2281 Huic
479 2236 600 2302 ego
634 2215 1084 2281 tantummodo
1122 2216 1368 2280 aditum
1404 2217 1486 2281 ad
1520 2220 1702 2281 tuam
1738 2218 2174 2302 cognitionem

259 2305 577 2390 patefacio
631 2308 699 2369 et
749 2304 1000 2369 munio:
1054 2305 1386 2388 cognitum
1438 2325 1555 2388 per
1605 2307 1671 2370 te
1723 2306 1963 2390 ipsum,
2012 2329 2173 2392 quae

259 2398 376 2458 tua
416 2397 652 2458 natura
695 2397 811 2476 est,
857 2393 1124 2477 dignum
1168 2396 1285 2456 tua
1328 2393 1611 2458 amicitia
1655 2397 1846 2477 atque
1890 2395 2173 2478 hospitio

259 2481 590 2546 iudicabis,
680 2479 841 2546 Peto
903 2481 1104 2566 igitur
1149 2503 1190 2544 a
1241 2485 1334 2565 te,
1395 2484 1469 2545 ut
1529 2480 1632 2546 his
1697 2482 1926 2547 litteris
1991 2484 2173 2548 lectis

259 2570 530 2655 recipias
575 2591 723 2635 eum
775 2569 846 2634 in
907 2572 1088 2634 tuam
1143 2568 1361 2647 fidem,
1424 2569 1765 2671 polliceare
1829 2572 2050 2636 omnia
2110 2576 2173 2635 te

259 2659 579 2725 facturum
623 2679 769 2723 mea
804 2678 1024 2740 causa3
1071 2656 1148 2722 de
1185 2658 1448 2742 reliqu0,
1494 2658 1568 2740 si,
1611 2658 1678 2722 id
1715 2659 1887 2743 quod
1923 2660 2172 2725 confido

259 2748 416 2849 fore,
462 2747 732 2833 dignum
776 2768 923 2810 eum
974 2748 1091 2810 tua
1144 2746 1430 2810 amicitia
1482 2746 1891 2831 hospitioque
1938 2768 2171 2834 cogno-

258 2837 454 2921 veris,
516 2840 696 2920 pete,
760 2838 833 2899 ut
886 2856 1033 2899 eum
1089 2835 1538 2936 complectare,
1602 2835 1861 2920 diligas,
1918 2836 1990 2899 in
2043 2836 2171 2900 tuis

258 2925 527 2990 habeas:
584 2924 707 2989 erit
756 2922 824 2988 id
876 2922 1039 2987 mihi
1093 2923 1405 2987 maiorem
1456 2922 1528 2987 in
1580 2923 1843 2988 modum
1898 2928 2171 3009 gratum.

265 3012 448 3078 Vale.

402 3202 504 3273 Ep.
544 3208 627 3257 77.
656 3209 705 3257 3.
759 3201 1051 3270 Bolanus,
1083 3203 1127 3271 f.
1163 3217 1313 3258 meuc
1350 3200 1528 3273 (W.)?
1600 3218 1748 3259 meus
1783 3218 1890 3258 om.
1926 3203 2001 3259 M.
