2338 3691
711 159 1229 216 EPISTOLARUM
1264 161 1412 216 XIII.
1451 167 1501 216 3.
1539 169 1591 216 4.
1973 158 2104 222 419

184 303 675 391 mulgavissent‚
721 305 910 370 facile
948 307 1203 372 senatui
1238 307 1606 392 populoque
1633 305 1931 371 Romano
1968 327 2110 391 per-

187 395 382 478 suasi,
425 397 501 458 ut
546 416 656 460 eos
705 395 902 479 cives,
947 395 1180 480 quibus
1225 396 1491 461 fortuna
1534 396 1943 480 pepercisset,
1988 395 2110 459 sal·

187 504 304 548 vos
348 504 490 547 esse
535 484 796 548 vellent.
884 482 1076 549 Hanc
1129 485 1450 550 actionem
1503 505 1715 549 meam
1759 482 1829 549 O.
1875 480 2112 548 Caesar

186 572 397 656 primo
428 594 545 637 suo
576 573 916 638 consulatu
943 575 1086 659 lege
1115 574 1371 659 agraria
1390 573 1837 658 comprobavit
1855 593 2111 658 agrum·

188 683 313 744 que
349 661 853 727 Volaterranum
889 664 956 726 et
992 662 1302 747 oppidum
1339 664 1517 728 omni
1552 662 1834 747 periculo
1872 662 1942 725 in
1969 683 2110 746 per-

186 752 459 834 petuum
501 750 820 835 liberavit,
865 754 940 816 ut
984 751 1144 815 mihi
1192 751 1459 816 dubium
1502 773 1640 816 non
1686 751 1788 835 sit,
1835 751 1992 835 quin
2037 750 2113 834 is,

190 839 304 922 qui
347 860 551 904 novas
588 839 1094 904 necessitudines
1132 840 1464 926 adiungat,
1506 843 1728 905 vetera
1763 862 1881 904 sua
1919 840 2110 904 bene-

187 927 338 992 ficia
401 928 766 993 conservari
828 912 1003 993 velit.
1093 927 1528 1004 Quamobrem
1590 930 1689 993 est
1749 931 1899 992 tuae
1960 950 2111 1012 pru-

190 1016 450 1080 dentiae
504 1020 621 1082 aut
674 1017 856 1101 sequi
910 1017 1046 1082 eius
1103 1018 1581 1102 auctoritatem,
1635 1017 1815 1081 cuius
1872 1020 2110 1081 sectam

190 1109 387 1190 atque
430 1106 772 1190 imperium
818 1128 1070 1171 summa
1125 1128 1272 1172 cum
1328 1110 1445 1172 tua
1491 1107 1807 1192 dignitate
1854 1109 2111 1171 secutus

190 1216 278 1273 es,
317 1198 433 1259 aut
467 1199 638 1259 certe
674 1196 770 1259 illi
804 1195 1129 1282 integram
1166 1218 1424 1261 omnem
1464 1216 1725 1261 causam
1759 1215 2111 1278 reservare3
2140 1233 2154 1239 -

189 1283 353 1348 illud
399 1305 550 1349 vero
598 1284 891 1349 dubitare
926 1307 1063 1350 non
1099 1285 1312 1369 debes,
1358 1285 1515 1370 quin
1550 1289 1689 1349 tam
1726 1305 1939 1369 grave,
1974 1288 2111 1348 tam

190 1373 468 1457 firmum,
510 1376 649 1438 tam
692 1373 1038 1440 honestum
1074 1374 1496 1459 municipium
1531 1374 1653 1438 tibi
1696 1377 1811 1438 tuo
1860 1394 2109 1437 summo

191 1462 505 1527 beneficio
563 1463 634 1526 in
696 1466 1079 1547 perpetuum
1142 1464 1419 1550 obligari
1480 1463 1657 1528 velis.
1748 1459 1872 1527 Sed
1934 1460 2113 1546 haec,
2149 1476 2181 1525 3

193 1573 281 1704 3?
284 1555 1149 1726 {zsffggfsszfffflssssi
1167 1574 1365 1726 ⁶312}ss
1370 1554 1734 1726 θζὲἓῖἓεὲἔ
1759 1554 1847 1704 ἕέ
1878 1550 2112 1726 ,ἷὲἒῒίῗ

197 1728 376 1814 (111111,
436 1733 515 1794 ut
575 1751 711 1795 non
767 1732 974 1795 solum
1028 1734 1144 1795 tua
1200 1752 1395 1796 causa
1446 1730 1568 1794 tibi
1623 1729 1963 1794 consilium
2007 1749 2110 1793 me

196 1817 349 1883 dare
394 1823 600 1904 putes,
647 1818 758 1883 sed
795 1820 1008 1903 etiam,
1054 1820 1226 1905 quod
1271 1819 1431 1885 mihi
1470 1840 1632 1905 opus
1680 1819 1781 1896 sit,
1826 1840 1927 1883 me
1971 1840 2011 1882 a
2045 1821 2111 1882 te

193 1911 415 1992 petere
460 1913 525 1973 et
569 1930 819 1994 rogare.
908 1908 1362 1975 Gratissimum
1413 1910 1617 1995 igitur
1659 1908 1820 1973 mihi
1863 1908 2113 1991 feceris,

195 1997 253 2061 si
298 1996 764 2063 Volaterranos
811 1999 1110 2063 omnibus
1156 1999 1349 2063 rebus
1393 1999 1685 2083 integros
1730 1998 2110 2062 incolumes·

196 2107 321 2169 que
369 2107 507 2151 esse
552 2087 858 2152 volueris:
905 2108 1128 2152 eorum
1165 2108 1288 2172 ego
1326 2087 1667 2170 domicilia,
1714 2086 2114 2170 sedes‚.rem‚

194 2175 514 2259 fortunas,
555 2196 713 2258 quae
756 2178 823 2240 et
850 2197 907 2241 ·a
952 2176 1050 2240 dis
1087 2177 1559 2241 immortalibus
1606 2179 1673 2239 et
1707 2197 1746 2239 a
1781 2178 2112 2260 praestan-

194 2264 463 2329 tissimis
507 2266 578 2328 in
615 2267 840 2329 nostra
873 2286 943 2329 re
977 2265 1239 2349 publica
1275 2265 1518 2330 civibus
1556 2286 1806 2329 summo
1851 2265 2111 2344 senatus

196 2353 545 2437 populique
608 2353 888 2419 Romani
951 2353 1163 2437 studio
1229 2356 1645 2419 conservatae
1711 2356 1890 2437 sunt,
1961 2356 2110 2417 tuae

195 2441 366 2525 fidei,
406 2442 693 2507 iustitiae
737 2443 1143 2526 bonitatique
1190 2442 1585 2507 commendo.
1676 2439 1745 2506 Si
1789 2463 1907 2526 pro
1953 2441 2112 2505 meis
2149 2453 2184 2501 4

194 2531 488 2615 pristinis
547 2532 777 2616 opibus
838 2531 1218 2596 facultatem
1272 2532 1431 2596 mihi
1485 2552 1588 2595 res
1644 2530 1769 2595 hoc
1823 2534 2112 2613 tempore

200 2619 401 2703 daret,
445 2623 520 2685 ut
561 2621 658 2685 ita
696 2620 1038 2685 defendere
1071 2641 1332 2705 possem
1353 2620 1851 2703 ‘Volaterranos²
1897 2639 2114 2702 quem-

198 2708 547 2774 admodum
619 2710 922 2774 consuevi
992 2709 1160 2773 tueri
1231 2731 1436 2793 meos,
1498 2709 1749 2774 nullum
1811 2706 2115 2790 officium,

195 2798 452 2863 nullum
488 2797 762 2883 denique
799 2800 1142 2882 certamen,
1187 2797 1257 2861 in
1300 2820 1426 2882 quo
1462 2798 1591 2862 illis
1627 2795 1930 2881 prodesse
1969 2816 2114 2879 pos-

197 2908 356 2971 sem,
400 2887 1008 2971 praetermitterem3
1053 2887 1184 2970 sed,
1230 2888 1536 2971 quoniam
1581 2885 1753 2970 apud
1797 2887 1862 2949 te
1907 2883 2114 2947 nihilo

195 2977 414 3040 minus
467 2975 593 3041 hoc
646 2979 935 3061 tempore
988 2976 1203 3040 valere
1265 2998 1367 3039 me
1426 2974 1679 3040 confido
1689 3024 1708 3058 ‚
1770 2994 1964 3057 quam
2007 2994 2115 3036 va·

196 3065 429 3131 luerim
468 3086 721 3149 semper
756 3065 927 3150 apud
965 3065 1150 3130 bonos
1189 3086 1429 3149 omnes,
1464 3085 1583 3149 pro
1611 3065 1838 3128 nostra
1865 3083 2117 3126 summa

197 3155 673 3219 necessitudine
736 3154 1002 3239 parique
1057 3154 1229 3218 inter
1280 3175 1402 3218 nos
1449 3155 1515 3217 et
1571 3154 1798 3216 mutua
1841 3151 2115 3215 benevo-

198 3244 402 3308 lentia
448 3244 564 3309 abs
609 3247 675 3308 te
721 3246 892 3328 peto,
937 3246 1012 3308 ut
1056 3243 1149 3307 ita
1196 3243 1273 3307 de
1319 3240 1767 3306 Volaterranis
1814 3260 2117 3321 mereare,

277 3526 297 3579 l
342 3453 445 3524 Ep.
485 3461 537 3523 4,
573 3460 623 3509 3.
696 3458 759 3509 ut
795 3458 844 3509 et
878 3453 1060 3509 horter
1105 3451 1217 3520 (W.
1257 3467 1323 3506 ex
1359 3451 1421 3504 B.
1461 3448 1642 3517 conj).
1730 3452 1793 3502 ut
1838 3452 1889 3500 te
1923 3446 1973 3499 h.
2021 3444 2117 3509 M„

201 3544 275 3579 vu
301 3542 390 3596 go.
531 3559 537 3564 -
1600 3586 1709 3635 27*
