2338 3691
246 97 376 161 416
812 98 887 150 M.
926 95 1173 151 TULLn
1210 94 1587 152 cicssnoms
1635 74 1638 79 ’

244 242 597 308 commodis
660 244 728 306 et
776 241 1077 327 praemiis
1142 244 1523 306 consecutus
1583 243 1708 326 est,
1770 263 1873 306 me
1925 241 2167 307 habuit

247 354 510 397 suorum
555 330 967 395 defensorum
1011 331 1078 395 et
1122 329 1475 395 amicorum
1509 329 1643 393 fere
1687 328 2047 414 principem
2098 333 2168 394 et

246 420 377 484 iam
431 436 469 484 a
522 418 842 503 Phaedro,
907 419 1016 502 qui
1077 418 1297 520 nobis,
1358 440 1556 502 quum
1609 418 1792 501 pueri
1855 439 2166 503 essemus,

248 511 595 594 antequam
639 507 979 573 Philonem
1025 507 1472 592 cognovimus,
1525 506 1711 571 valde
1756 510 1832 572 ut
1874 507 2163 592 philoso-

246 597 435 682 phuS,
478 599 706 681 postea
749 600 971 660 tamen
1015 599 1090 659 ut
1132 596 1232 660 vir
1275 596 1485 661 bonus
1533 598 1599 660 et
1644 596 1858 660 suavis
1905 598 1971 660 et
2017 595 2162 661 offi-

249 686 460 751 ciosus
513 686 938 769 probabatur,
997 684 1276 749 traditus
1333 683 1493 749 mihi
1547 684 2163 768 commendatusque

176 787 210 836 3
250 777 373 839 est·
426 774 483 838 is
537 773 737 859 igitur
779 772 976 838 Patro
1033 795 1232 857 quum
1286 772 1368 837 ad
1421 793 1524 837 me
1577 771 1855 838 Romam
1906 773 2162 838 litteras

248 863 545 947 misisset,
588 863 686 927 uti
728 865 794 927 te
841 862 963 926 sibi
999 863 1324 946 placarem
1357 864 1786 946 peteremque,
1830 864 1905 925 ut
1940 862 2161 927 nescio

251 951 404 1036 quid
468 950 627 1016 illud
688 950 957 1035 Epicuri
1025 950 1492 1034 parietinarum
1564 950 1687 1014 sibi
1759 950 2164 1035 concederes,

247 1040 414 1105 nihil
459 1039 685 1124 scripsi
730 1039 811 1104 ad
855 1042 921 1104 te
968 1039 1050 1104 ob
1098 1061 1242 1104 eam
1283 1060 1438 1122 rem,
1483 1038 1654 1123 quod
1696 1039 2163 1105 aedificationis

249 1132 399 1194 tuae
445 1129 785 1194 consilium
829 1127 1385 1193 commendatione
1431 1149 1575 1192 mea
1613 1127 1916 1193 nolebam
1961 1129 2162 1212 impe-

252 1218 398 1302 diri3
441 1217 629 1303 idem,
671 1221 746 1282 ut
790 1216 938 1281 veni
972 1215 1286 1300 AthenaS,
1332 1238 1547 1300 quum,
1581 1215 1749 1280 idem
1788 1216 1869 1281 ad
1905 1219 1970 1282 te
2009 1217 2161 1281 scri·

251 1307 494 1392 berem,
537 1308 858 1392 rogasset,
913 1305 994 1370 ob
1053 1327 1196 1370 eam
1242 1326 1502 1369 causam
1545 1305 1940 1390 impetravit,
1986 1306 2161 1390 quod

249 1398 315 1460 te
353 1395 658 1461 abiecisse
693 1396 873 1459 illam
909 1393 1418 1459 aedificationem
1454 1394 1795 1460 constabat
1827 1395 1997 1458 inter
2026 1417 2161 1460 om·

179 1497 217 1545 4
251 1506 366 1550 nes
423 1484 661 1549 amicos
715 1487 880 1548 tuos,
978 1481 1164 1558 Quod
1220 1483 1276 1547 si
1328 1483 1422 1547 ita
1477 1486 1575 1548 est
1629 1486 1695 1547 et
1749 1483 1804 1547 si
1860 1484 1992 1547 iam
2044 1487 2162 1548 tua

251 1575 443 1657 plane
503 1573 670 1636 nihil
730 1573 1025 1656 interest,
1096 1572 1314 1655 velim,
1386 1571 1443 1636 si
1505 1594 1632 1656 qua
1695 1571 2163 1637 offensiuncula

251 1662 427 1727 facta
472 1665 570 1726 est
614 1661 813 1726 animi
856 1661 954 1725 tui
1000 1660 1418 1745 perversitate
1465 1661 1828 1744 aliquorum
1874 1697 1958 1708 —
2004 1660 2161 1726 novi

253 1751 426 1814 enim
489 1753 747 1835 gentem
810 1750 988 1813 illam
1034 1786 1146 1833 —-,
1217 1749 1326 1813 des
1389 1753 1454 1812 te
1518 1750 1600 1814 ad
1659 1750 1993 1814 lenitatem
2057 1750 2160 1813 vel

252 1842 516 1924 propter
562 1861 876 1903 summam
922 1843 1096 1903 tuam
1139 1837 1611 1903 humanitatem
1656 1839 1758 1903 vel
1804 1838 1999 1904 etiam
2042 1837 2159 1904 ho-

253 1928 430 1992 noris
476 1928 603 1991 mei
649 1948 859 1992 causa.
949 1925 1295 2012 Equidem,
1348 1926 1430 2012 si,
1484 1927 1638 2012 quid
1681 1928 1820 2011 ipse
1867 1927 2161 2012 sentiam,

252 2016 536 2101 quaeris,
586 2037 707 2080 nec
769 2036 882 2080 cur
935 2016 1042 2079 ille
1085 2018 1272 2081 tanto
1334 2037 1524 2099 opere
1572 2016 1920 2081 contendat
1972 2016 2158 2081 video

253 2125 372 2169 nec
418 2126 531 2169 cur
573 2108 646 2169 tu
691 2124 1010 2189 repugnes
1020 2154 1037 2188 ,
1093 2105 1222 2169 nisi
1265 2108 1487 2169 tamen
1531 2106 1734 2170 multo
1780 2105 1993 2170 minus
2038 2104 2159 2169 tibi

254 2193 518 2258 concedi
555 2195 773 2277 potest
808 2214 1001 2277 quam
1036 2192 1133 2257 illi
1167 2193 1460 2259 laborare
1497 2194 1635 2258 sine
1674 2193 1893 2278 caus53
1939 2216 2158 2278 quam-

253 2304 449 2367 quam
492 2280 791 2346 Patronis
838 2284 904 2346 et
949 2282 1307 2346 orationem
1353 2285 1419 2346 et
1462 2304 1722 2348 causam
1774 2283 1895 2347 tibi
1940 2282 2158 2368 cogni-

252 2375 391 2435 tam
435 2392 572 2435 esse
618 2373 792 2436 certo
847 2370 1004 2435 scioz
1059 2369 1398 2455 honorem,
1453 2371 1763 2455 officium,
1814 2374 2159 2436 testamen-

254 2461 469 2524 torum
521 2460 650 2543 ius,
700 2458 967 2543 Epicuri
1023 2459 1497 2544 auctoritatem,
1548 2458 1826 2524 Phaedri
1880 2461 2158 2525 obtesta-

253 2548 529 2632 tionem,
601 2546 846 2632 sedem,
919 2547 1338 2633 domicilium,
1420 2547 1583 2613 vesti
1634 2549 1693 2612 'a
1765 2570 2159 2618 summorum

253 2636 586 2702 hominum
651 2636 774 2700 s'ibi
836 2635 1077 2701 tuenda
1139 2658 1278 2702 esse
1332 2636 1503 2701 dicit.
1650 2641 1826 2703 otam
1876 2637 2158 2702 hominis

253 2726 427 2790 viam
478 2726 948 2809 rationemque,
1012 2746 1208 2808 quam
1270 2726 1557 2809 sequitur
1607 2726 1679 2790 in
1730 2724 2159 2812 philosophia,

256 2813 655 2879 derideamus
698 2813 875 2897 licet,
934 2812 989 2877 si
1041 2813 1212 2877 hanc
1267 2814 1402 2878 eius
1448 2815 1928 2880 contentionem
1980 2817 2155 2881 volu·

252 2924 396 2967 mus
459 2901 949 2986 reprehendere3
1021 2900 1133 2965 sed
1203 2903 1623 2987 mehercules,
1696 2903 2002 2987 quoniam
2062 2905 2156 2969 illi

254 2991 633 3076 ceterisque,
687 3012 847 3075 quos
909 2990 1023 3054 illa
1075 2989 1425 3076 delectant,
1486 3013 1622 3057 non
1678 2993 1863 3057 valde
1915 2993 2156 3057 inimici

255 3099 499 3163 sumus,
560 3080 778 3144 nescio
832 3099 919 3143 an
970 3078 1436 3164 ignoscendum
1490 3081 1577 3144 sit
1625 3080 1801 3165 huic,
1864 3082 1920 3147 si
1971 3084 2154 3147 tanto

396 3301 497 3370 Ep.
540 3310 587 3370 1,
615 3311 665 3358 3.
741 3304 915 3362 Patro
950 3323 1117 3376 quum
1160 3307 1311 3376 (W..)
1397 3309 1491 3377 P.‚
1530 3326 1650 3364 cum
1684 3310 1744 3364 P.
1797 3311 2001 3378 (errore
2036 3312 2152 3381 typ.

255 3370 347 3506 {p
367 3370 756 3511 (ἰιι-ιιέοῗοραςα
756 3378 853 3447 to.)
954 3384 1004 3432 4.
1057 3378 1206 3433 viam
1250 3379 1617 3451 rationemque
1671 3381 1819 3451 (W..)
1903 3383 2075 3437 vitam
2108 3400 2152 3437 r.
