2338 3691
112 464 143 512 2

179 130 313 194 470
745 131 819 184 Μ.
859 129 1107 185 TULLII
1143 129 1527 186 CICERONIS

178 278 437 340 tantum
482 277 547 339 et
589 275 787 338 talem
833 273 1298 358 calamitosum,
1343 275 1624 360 aliquem
1670 275 1947 340 afferant
1990 298 2099 340 cu-

179 364 426 428 mulum
470 383 651 426 meae
695 362 974 444 litterae,
1026 384 1156 447 quo
1193 363 1562 428 studiosius
1608 385 1781 448 eum,
1837 365 2098 448 quibus-

181 472 452 536 cumque
497 451 687 514 rebus
722 450 952 535 possis,
988 450 1184 524 iuves.
1259 450 1445 526 Quod
1484 452 1540 516 si
1564 450 1811 517 Romae
1846 452 2097 536 fuisses,

181 539 376 604 etiam
422 539 695 604 salutem
739 537 817 603 A.
865 536 1178 604 Caecinae
1224 561 1527 624 6666111116,
1569 543 1644 604 ut
1689 540 1907 624 opinio
1953 562 2097 605 11166

180 627 324 710 fert,
368 648 485 710 per
526 629 592 691 te
639 628 981 711 consecuti,
1028 628 1105 692 de
1153 650 1281 713 qua
1315 631 1538 692 tamen
1572 649 1878 713 magnam
1916 649 2097 712 spem

179 715 518 796 habemuS,
570 715 722 779 freti
766 716 1106 780 clementia
1150 718 1434 802 collegae
1488 717 1614 781 tui:
1677 738 1877 799 nunc,
1942 738 2095 801 quo-

180 804 359 868 niam
413 807 594 868 tuam
648 804 963 868 iustitiam
1019 808 1271 869 secutus
1326 804 1725 869 tutissimum
1780 805 1905 870 sibi
1949 825 2094 888 por-

180 894 323 956 tum
356 892 753 976 provinciam
788 892 982 957 istam
1018 893 1203 957 duxit
1237 915 1393 976 esse,
1439 893 1633 957 etiam
1671 896 1864 977 atque
1902 893 2097 956 etiam

181 993 247 1044 te
292 1000 452 1065 rogo
511 984 703 1065 atque
759 1001 898 1061 oro,
952 983 1027 1043 ut
1079 1002 1225 1046 611111
1279 985 1345 1046 et
1395 982 1467 1045 in
1518 981 1805 1066 reliquiis
1858 981 2096 1046 veteris

183 1069 642 1154 negotiationis
678 1069 1055 1154 colligendis
1098 1069 1277 1133 iuves
1324 1072 1390 1134 et
1424 1070 1650 1134 ceteris
1685 1070 1877 1134 rebus
1912 1073 2097 1154 tegas

184 1160 377 1241 atque
421 1160 669 1221 tueare.
714 1157 839 1223 hoc
883 1157 1043 1221 1111111
1087 1158 1333 1241 gratius
1379 1158 1587 1222 facere
1632 1158 1797 1221 nihil
1839 1161 2043 1241 potes.

1004 1332 1268 1397 LXVII.

743 1437 855 1492 Scr.
896 1437 1106 1491 Romae
1144 1453 1193 1490 a.
1233 1456 1286 1491 u.
1324 1453 1370 1492 c.
1412 1442 1529 1491 708.

467 1553 543 1607 Μ.
582 1550 840 1607 CICERO
878 1551 938 1606 P.
978 1550 1315 1606 SERVILIO
1353 1550 1616 1608 PROPR.
1654 1546 1813 1606 SAL.

320 1651 423 1717 Ex
466 1652 796 1738 provincia
839 1672 985 1716 mea
1021 1649 1365 1734 Ciliciensi,
1411 1650 1513 1715 cui
1558 1650 1683 1715 scis
1718 1661 1895 1733 τρεῖς
1934 1651 2102 1714 διοι-

187 1737 412 1823 κήσεις
453 1739 774 1805 Asiaticas
822 1739 1166 1804 attributas
1221 1739 1447 1822 fuisse,
1499 1739 1680 1804 nullo
1728 1761 1870 1803 sum
1915 1738 2100 1803 fami-

191 1829 411 1894 liarius
455 1851 610 1894 usus
657 1851 851 1914 quam
886 1827 1213 1911 Androne,
1259 1827 1629 1893 Artemonis
1674 1826 1825 1911 fflio,
1870 1825 2103 1893 Laodi·

190 1917 382 2000 censi,
428 1938 698 2001 eumque
743 1917 943 1981 habui
986 1917 1055 1980 in
1101 1938 1179 1981 ea
1203 1917 1479 2001 'civitate
1521 1938 1718 2001 quum
1761 1916 2103 2000 hospitem,

189 2009 330 2070 tum
383 2005 792 2069 vehementer
845 2004 927 2068 ad
988 2026 1168 2069 meae
1231 2005 1401 2069 vitae
1462 2004 1780 2069 rationem
1836 2008 1901 2069 et
1953 2026 2102 2069 con-

193 2094 592 2159 suetudinem
657 2093 1208 2158 accommodatum
1215 2143 1233 2176 ,
1307 2114 1497 2178 quem
1568 2093 1827 2177 quidem
1896 2093 2103 2157 multo

191 2182 387 2246 etiam
421 2182 643 2266 pluris,
676 2184 1099 2266 posteaquam
1135 2181 1395 2264 decessi,
1430 2180 1638 2245 facere
1684 2180 1883 2264 coepi,
1931 2179 2104 2281 quod

190 2270 411 2335 multis
445 2271 636 2335 rebus
672 2272 970 2353 expertus
1007 2292 1148 2334 sum
1197 2272 1454 2355 gratum
1488 2269 1816 2334 hominem
1851 2269 2104 2353 meique

190 2380 557 2424 memorem.
663 2357 891 2443 Itaque
946 2379 1091 2452 eum
1145 2357 1391 2423 Romae
1453 2356 1879 2422 libentissime
1942 2357 2102 2439 vidi3

192 2468 327 2512 non
367 2451 435 2511 te
489 2447 662 2511 enim
714 2446 949 2531 fugit,
963 2446 1075 2530 qui
1124 2445 1419 2530 plurimis
1471 2444 1543 2509 in
1594 2446 1724 2511 ista
1774 2445 2107 2529 provincia

121 2546 155 2596 2
192 2536 471 2620 benigne
507 2533 733 2617 fecisti,
771 2556 965 2635 quam
1000 2534 1191 2598 multi
1227 2534 1398 2620 grati
1433 2532 1871 2617 reperiantur.
1923 2532 2106 2598 Haec

190 2627 534 2709 propterea
578 2623 822 2706 scripsi,
866 2626 941 2687 ut
985 2625 1050 2685 et
1084 2644 1188 2686 me
1224 2643 1358 2687 non
1396 2621 1533 2686 sine
1579 2643 1773 2687 causa
1811 2604 2106 2687 laborare

190 2713 586 2797 intelligeres
649 2714 714 2775 et
775 2713 849 2775 tu
909 2710 1049 2793 ipse
1113 2731 1261 2775 eum
1324 2710 1592 2795 dignum
1654 2710 1937 2793 hospitio
1989 2714 2105 2775 tuo

191 2802 526 2866 iudicares.
622 2797 874 2864 Feceris
928 2798 1129 2883 igitur
1182 2797 1342 2863 1111111
1405 2798 1872 2883 gratissimum,
1935 2798 1994 2863 si
2048 2798 2108 2861 ei

195 2888 555 2971 declararis,
600 2886 826 2971 quanti
861 2907 964 2951 me
999 2886 1218 2971 facias,
1263 2885 1330 2950 id
1366 2889 1482 2971 est,
1519 2887 1574 2951 si
1608 2886 1921 2972 receperis
1960 2908 2108 2952 eum

192 2978 265 3041 in
308 2978 499 3042 fidem
542 2980 723 3040 tuam
769 2978 859 3059 et,
913 2975 1418 3060 quibuscumque
1472 2975 1663 3039 rebus
1707 2974 1975 3040 honeste
2032 2996 2108 3039 ac

196 3065 334 3128 sine
388 3064 687 3128 molestia
737 3067 852 3127 tua
894 3063 1164 3146 poteris,
1211 3061 1557 3127 adiuveris:
1612 3063 1737 3127 hoc
1781 3062 1941 3127 1111111
1985 3062 2110 3127 erit

195 3151 601 3299 vghementer
645 3155 919 3236 gratum,
961 3151 1152 3234 idque
1199 3155 1273 3215 ut
1316 3151 1514 3215 facias
1558 3154 1625 3214 te
1671 3150 1867 3216 etiam
1913 3155 2107 3237 atque

197 3257 230 3298 e
264 3258 393 3300 1am
435 3257 611 3323 rogo.

338 3390 442 3457 Ep.
491 3398 662 3459 66,1
734 3395 1109 3449 calamitosum
1153 3394 1249 3463 Μ.
1286 3395 1475 3464 111130.
1574 3395 1726 3465 [cal]
1778 3395 2006 3516 Kleyn.,
2043 3394 2102 3450 B.

199 3456 301 3525 Ep.
340 3464 504 3524 67,1.
575 3461 938 3519 Laodiceemi
1026 3465 1136 3533 (W.
1140 3468 1198 3532 γε’
