2338 3691
508 918 656 992 AD
725 920 1245 1001 QUINTUM
1310 920 1842 996 FRATREM

850 1061 1071 1119 ussa
1112 1061 1507 1121 SECUNDUS.

1150 1222 1205 1291 1.

482 1341 598 1399 Scr.
643 1341 854 1399 Romae
898 1360 1088 1401 mense
1131 1344 1426 1401 Decembri
1472 1362 1522 1401 a.
1558 1363 1614 1401 u.
1658 1363 1707 1402 c.
1753 1351 1876 1403 697.

531 1484 824 1541 MARCUS
853 1485 1127 1553 oumro
1155 1468 1820 1545 FRA'rm‘sALUTEM.

355 1593 746 1680 Epistolam,
807 1616 1001 1680 quam
1059 1596 1304 1682 legisti,
1365 1616 1556 1663 mane
1619 1598 1943 1683 dederam3
2015 1597 2126 1665 sed
2155 1618 2179 1658 ι

220 1683 379 1749 fecit
418 1684 789 1749 humaniter
831 1682 1135 1768 LiciniuS,
1180 1684 1352 1769 quod
1397 1685 1479 1749 ad
1514 1706 1617 1751 me
1657 1687 1853 1753 misso
1900 1693 2127 1753 senatu

221 1773 474 1859 vesperi
507 1772 704 1858 vem’t,
746 1775 840 1858 ut,
884 1773 940 1837 si
975 1773 1130 1858 quid
1166 1777 1337 1839 esset
1372 1777 1605 1860 actum,
1641 1775 1721 1840 ad
1758 1779 1842 1862 te,
1879 1777 1933 1840 si
1968 1777 2129 1841 mihi

223 1862 572 1947 videretur,
622 1863 1099 1946 perscriberem.
1198 1860 1473 1928 Senatus
1535 1863 1663 1929 fuit
1712 1865 2128 1950 frequentior,

223 1972 417 2035 quam
469 1954 846 2035 putaramus
910 1971 1049 2016 esse
1102 1972 1294 2036 posse
1346 1973 1567 2017 mense
1611 1952 1952 2019 Decembri
2006 1955 2125 2020 sub

223 2040 357 2104 dies
402 2039 621 2105 festos.
712 2037 1095 2105 Consulares
1148 2060 1271 2106 nos
1313 2040 1553 2106 fuimus
1607 2044 1675 2105 et
1717 2042 1844 2108 duo
1899 2064 2126 2108 consu-

222 2129 317 2192 les
373 2127 721 2212 designati,
780 2127 851 2192 P.
907 2126 1240 2213 Servilius,
1301 2127 1388 2193 M.
1442 2128 1776 2215 Lucullus,
1829 2130 2128 2216 Lepidus,

225 2215 580 2300 Volcatius,
623 2214 902 2302 Glabrio,
944 2220 1293 2302 praetores.
1384 2214 1552 2282 Sane
1590 2218 1960 2302 frequentes
2005 2218 2126 2301 fui-

224 2326 394 2369 mus:
470 2304 732 2369 omnino
795 2305 878 2370 ad
941 2321 1042 2371 cc.
1149 2303 1523 2371 Commorat
1584 2306 2126 2390 exspectationem

225 2392 473 2477 Lupus:
537 2393 673 2478 egit
725 2415 986 2459 causam
1039 2394 1181 2478 agri
1235 2390 1550 2478 Campani
1604 2414 1759 2459 sane
1806 2397 2126 2479 accurate;

223 2481 478 2546 auditus
515 2485 616 2547 est
648 2503 887 2567 magno
925 2482 1200 2547 silentio.
1271 2480 1611 2546 Materiam
1644 2483 1739 2547 rei
1772 2504 1908 2549 non
1942 2484 2126 2570 igno-

222 2592 351 2635 ras:
404 2569 568 2634 nihil
614 2591 693 2635 ex
735 2570 976 2636 nostris
1022 2569 1385 2635 actionibus
1429 2572 1877 2655 praetermisit.
1953 2570 2126 2636 Fue-

221 2661 376 2723 runt
426 2659 728 2724 nonnulli
782 2659 987 2724 aculei
1030 2659 1103 2723 in
1156 2656 1523 2743 Caesarem,
1577 2659 2002 2725 contumeliae
2055 2660 2127 2724 in

222 2744 528 2832 Gellium,
609 2746 1155 2832 expostulationes
1237 2768 1383 2814 cum
1463 2747 1729 2813 absente
1799 2746 2126 2832 Pompeio.

222 2832 432 2900 Causa
485 2856 627 2901 sero
682 2839 983 2921 perorata
1045 2836 1400 2901 sententias
1462 2855 1531 2900 se
1583 2839 1963 2921 rogaturum
2015 2858 2125 2900 ne-

222 2925 426 3009 gavit,
487 2945 570 2988 ne
635 2924 805 3008 quod
862 2945 1025 2990 onus
1087 2924 1434 2989 simultatis
1488 2924 1678 2989 nobis
1740 2925 2124 3009 imponeret:

221 3034 297 3076 ex
343 3012 746 3095 superiorum
788 3016 1151 3098 temporum
1206 3012 1508 3078 conviciis
1563 3014 1629 3079 et
1680 3033 1758 3076 ex
1800 3014 2126 3097 praesenti

221 3101 496 3185 silentio,
541 3094 695 3184 quid
743 3104 1003 3166 senatus
1049 3100 1334 3184 sentiret,
1380 3121 1446 3164 se
1490 3100 1868 3185 intelligere.
1945 3099 2126 3165 Dixit

221 3188 396 3254 Milo.
487 3185 718 3274 Coepit
770 3189 1108 3256 dimittere.
1146 3182 1149 3185 ¹
1199 3188 1366 3254 Tum
1410 3187 1849 3273 Marcellinus,
1899 3187 2126 3274 „noli“,

359 3415 405 3471 E
452 3460 464 3472 .
506 3423 554 3488 1,
585 3424 633 3473 1.
704 3419 913 3486 fuimus
947 3423 1000 3474 et
1035 3419 1104 3474 P.
1151 3416 1417 3475 Servilius
1453 3457 1466 3470 .
1487 3456 1502 3470 .
1524 3456 1537 3470 .
1575 3414 1830 3482 Glabrio,
1857 3414 1968 3470 duo
2003 3429 2125 3469 con·

218 3489 358 3544 sales
488 3529 520 3557 .,
550 3491 827 3561 praetorii
862 3489 1074 3560 (Sch.)?
