2338 3691
106 436 137 485 ‘1

107 1302 135 1351 1

176 190 308 253 482
444 228 450 232 <
743 190 818 246 M.
857 187 1106 245 TULLII
1142 187 1526 247 CICERONIS

177 338 319 413 est.>
357 334 675 399 Tulliolae
704 337 771 398 et
798 332 1091 400 Ciceroni
1121 337 1396 400 salutem
1425 337 1543 401 dic.
1608 337 1855 402 Valete.
1918 337 1999 403 D.
2038 361 2097 403 a.

176 421 237 486 d.
280 439 370 487 vl.
415 422 495 487 Κ.
538 421 874 487 Decembr.
909 422 1333 507 Dyrrhachio,
1403 424 1883 509 Dyrrhachium
1926 427 2095 510 veni,

177 510 349 594 quod
413 514 479 575 et
540 510 744 575 libera
808 511 1033 576 civitas
1098 515 1199 576 est
1261 515 1327 577 et
1386 513 1458 577 in
1520 536 1624 579 me
1682 515 1974 580 officiosa
2030 519 2097 579 et

173 598 469 683 proxima
511 597 766 683 Italiae3
813 600 943 684 sed,
989 600 1045 664 si
1091 600 1374 666 offendet
1416 623 1519 666 me
1564 602 1691 667 loci
1738 604 2095 688 celebritaS,

175 686 304 752 alio
350 709 452 752 me
500 687 850 774 conferam,
891 688 935 768 †
973 688 1055 753 ad
1099 692 1166 753 te
1213 689 1508 755 scribam.

1085 880 1171 948 Π.

300 992 415 1049 Sor.
456 994 886 1050 Thessalonicae
923 1010 972 1049 a.
1011 994 1062 1048 d.
1102 995 1198 1048 III.
1236 995 1378 1050 Non.
1419 995 1538 1051 Oct.
1578 1012 1626 1051 a.
1666 1015 1719 1051 u.
1760 1013 1805 1051 c.
1845 1004 1961 1052 696.

211 1116 522 1174 TULLIUS
588 1118 641 1173 S.
697 1118 764 1174 D.
829 1118 1254 1174 TERENTIAE
1319 1119 1416 1173 ET
1480 1116 1894 1177 TULLIOLAE
1956 1121 2057 1177 ET

854 1188 1196 1244 CICERONI
1234 1189 1406 1245 SUIS.

305 1286 461 1353 Noli
504 1292 733 1373 putare
777 1311 881 1355 me
927 1291 1008 1354 ad
1055 1311 1441 1373 quemquam
1485 1290 1812 1377 longiores
1854 1292 2090 1377 episto-

172 1377 270 1442 las
316 1377 618 1461 scribere,
660 1377 788 1442 nisi
834 1378 889 1443 si
934 1378 1076 1462 quis
1131 1378 1214 1442 ad
1258 1400 1362 1443 me
1405 1379 1595 1463 plura
1648 1380 1930 1465 scripsit,
1985 1382 2089 1446 cui

172 1469 333 1551 puto
378 1466 643 1531 rescribi
690 1470 1013 1551 oportere3
1057 1488 1179 1531 nec
1224 1467 1397 1531 enim
1440 1467 1670 1552 habeo,
1715 1469 1887 1553 quod
1934 1470 2087 1534 scri-

171 1555 350 1638 bam,
410 1576 530 1619 nec
591 1554 718 1619 hoc
769 1558 1060 1640 tempore
1115 1555 1464 1639 quidquam
1520 1556 1844 1622 difficilius
1899 1558 2088 1623 facio.

171 1642 277 1708 Ad
323 1647 388 1707 te
432 1664 584 1708 vero
622 1645 689 1706 et
724 1643 805 1708 ad
842 1647 1134 1709 nostram
1173 1643 1518 1715 Tulliolam
1553 1666 1690 1710 non
1736 1667 1900 1729 queo
1948 1646 2087 1711 sine

169 1731 490 1817 plurimis
510 1731 791 1797 lacrimis
838 1732 1140 1816 scribere3
1185 1754 1303 1798 vos
1350 1732 1523 1797 enim
1558 1733 1745 1798 video
1783 1756 1923 1800 esse
1970 1734 2086 1799 mi-

172 1820 499 1904 serrimas,
554 1841 713 1904 quas
769 1841 890 1908 ego
946 1821 1353 1887 beatissimas
1409 1842 1663 1907 semper
1717 1843 1856 1889 esse
1910 1823 2088 1889 volui

171 1910 363 1994 idque
407 1913 736 1992 praestare
778 1910 971 1975 debui
1009 1915 1090 1994 et,
1133 1910 1264 1974 nisi
1306 1913 1444 1975 tam
1476 1911 1687 1976 timidi
1721 1911 2086 1997 fuissemus,

171 1998 653 2084 praestitissem.
742 1996 1046 2064 Pisonem
1099 2001 1396 2064 nostrum
1459 1999 1689 2065 merito
1745 2000 1881 2066 eius
1938 2022 2084 2066 amo

170 2086 546 2172 plurimum:
611 2108 785 2171 eum,
846 2090 922 2151 ut
973 2087 1185 2171 potui,
1237 2107 1354 2171 per
1405 2087 1657 2153 litteras
1711 2089 2086 2155 cohortatus

173 2198 317 2240 sum
371 2173 739 2260 gratiasque
794 2175 924 2260 egi,
987 2178 1062 2239 ut
1115 2174 1325 2240 debui.
1431 2174 1513 2239 In
1564 2177 1749 2242 novis
1805 2177 2086 2243 tribunis

170 2266 260 2350 pl.
319 2263 614 2349 intelligo
679 2286 860 2348 spem
922 2267 988 2328 te
1041 2263 1306 2328 habere:
1369 2264 1435 2328 id
1500 2265 1622 2328 erit
1680 2265 1965 2350 firmum,
2029 2266 2088 2330 si

169 2352 462 2437 Pompeii
505 2353 806 2418 voluntas
852 2353 1000 2436 erit3
1054 2351 1166 2417 sed
1214 2350 1516 2441 Crassum
1572 2355 1793 2418 tamen
1846 2358 2086 2419 metuo,

169 2441 232 2507 A
277 2445 343 2505 te
388 2440 644 2524 quidem
692 2440 910 2506 omnia
951 2440 1093 2505 fieri
1135 2440 1486 2505 fortissime
1532 2444 1599 2505 et
1642 2443 2086 2508 amantissime

169 2530 384 2613 video,
437 2550 558 2594 nec
603 2530 827 2612 miror,
883 2530 993 2593 sed
1040 2551 1295 2594 maereo
1351 2549 1571 2594 casum
1618 2530 1957 2616 eiusmodi,
2011 2535 2088 2596 ut

168 2618 373 2684 tantis
417 2618 548 2683 tuis
583 2618 858 2683 miseriis
895 2639 1074 2682 meae
1110 2617 1405 2682 miseriae
1443 2617 1883 2684 subleventur:
1930 2641 2087 2684 nam

169 2709 252 2772 ad
287 2729 391 2772 me
418 2704 489 2771 P.
517 2705 835 2790 Valerius,
871 2706 1066 2772 homo
1106 2705 1452 2791 officiosus,
1488 2706 1761 2792 scripsit,
1805 2708 1872 2772 id
1911 2709 2086 2792 quod

170 2817 291 2881 ego
328 2795 610 2860 maximo
649 2817 796 2859 cum
830 2794 986 2858 fletu
1022 2795 1172 2880 legi,
1208 2795 1746 2879 quemadmodum
1776 2818 1815 2859 a
1841 2795 2085 2862 Vestae

171 2886 252 2949 ad
296 2884 587 2949 tabulam
630 2882 960 2948 Valeriam
1006 2883 1200 2948 ducta
1244 2904 1435 2949 esses.
1524 2882 1721 2968 Hem,
1764 2907 1911 2950 mea
1954 2886 2087 2969 lux,

168 2994 385 3038 meum
438 2971 850 3056 desiderium,
905 2971 1077 3036 unde
1131 2993 1355 3037 omnes
1411 2993 1601 3056 opem
1653 2976 1873 3056 petere
1922 2974 2084 3039 sole-

169 3060 354 3125 bant!
400 3062 466 3124 te
509 3081 703 3146 nunc,
745 3080 892 3125 mea
936 3059 1267 3143 Terentia,
1312 3060 1405 3125 sic
1447 3061 1692 3146 vexari,
1738 3061 1831 3126 sic
1874 3061 2086 3127 iacere

168 3147 242 3211 in
284 3147 566 3212 lacrimis
612 3151 681 3214 et
722 3147 1046 3233 sordibus,
1097 3148 1291 3232 idque
1335 3148 1475 3212 fieri
1519 3170 1666 3213 mea
1710 3150 1926 3234 culpa,
1973 3150 2087 3234 qui

315 3299 417 3368 Ep.
459 3307 506 3369 1,
545 3308 594 3356 6.
658 3300 1013 3373 Dyrrhachio
1046 3300 1199 3372 (On).
1263 3300 1607 3371 Dyrrhachii
1649 3300 1778 3354 ΜΒ.
1854 3303 1905 3353 ’1.
1969 3312 2095 3352 con-

165 3369 360 3434 feram,
395 3369 431 3431 †
469 3372 542 3424 ad
577 3377 626 3424 te
661 3374 897 3428 scribam
923 3373 1071 3441 (W.).
1127 3372 1318 3442 Vulgo
1354 3371 1471 3426 sine
1505 3371 1559 3427 ·Ι·.
1617 3386 1660 3424 c.
1699 3371 1775 3425 ad
1809 3374 1962 3437 teque
1988 3384 2091 3422 scr.

170 3438 284 3502 (vel
328 3453 372 3492 c.
420 3443 579 3507 atque
624 3445 697 3497 ad
741 3448 792 3497 te
835 3445 899 3513 s.)
946 3443 1048 3497 aut
1091 3459 1154 3511 a,
1200 3444 1358 3513 quod
1380 3458 1548 3512 qurum
1581 3441 1807 3510 faciam,
1852 3441 1929 3495 ad
1964 3444 2015 3493 te
2048 3450 2092 3492 s.

171 3509 272 3561 aut
308 3523 380 3561 a:
425 3524 557 3576 que,
597 3513 670 3564 ad
705 3517 756 3566 te
790 3528 832 3566 8.
871 3514 1019 3582 (W.).
