2338 3691
502 106 1018 162 EPISTOLARUM
1054 107 1153 162 AD
1191 105 1255 172 Q.
1294 92 1674 166 FRATREM
1704 114 1796 168 111.
1836 121 1882 168 1.
2020 116 2146 178 627

217 254 486 336 propter
540 253 1110 318 commorationem
1163 248 1684 340 tabellariorum,
1736 257 1880 322 ideo
1936 259 2141 322 multa

220 341 513 406 coniecta
571 345 724 405 sunt
788 341 962 406 aliud
1027 342 1153 407 alio
1217 346 1535 426 tempore,
1600 345 1775 409 velut
1838 345 1991 410 hoc:
2066 346 2139 412 T.

219 428 490 493 Anicius
536 419 697 493 mihi
743 451 933 513 saepe
968 430 1100 494 iam
1137 430 1299 494 dixit
1336 452 1473 496 sese
1512 431 1649 516 tibi,
1696 433 2138 520 suburbanum

220 518 276 581 si
331 517 503 601 quod
566 518 945 600 invenisset,
1007 539 1142 583 non
1207 519 1650 584 dubitaturum
1715 541 1852 586 esse
1909 542 2134 586 emere.

218 604 300 669 In
347 605 483 669 eius
531 627 823 670 sermone
879 627 998 691 ego
1055 610 1398 691 utrumque
1455 609 1630 674 soleo
1687 609 2015 693 admirari,
2071 614 2136 673 et

217 698 284 757 te
343 694 420 757 de
476 695 846 760 suburbano
904 695 1203 780 emend0,
1257 718 1454 780 quum
1511 697 1591 761 ad
1638 696 1821 761 illum
1877 698 2135 782 scribaS,

219 803 358 847 non
401 783 593 847 modo
640 783 723 847 ad
767 804 870 847 me
917 806 1051 848 non
1090 784 1384 868 scribere,
1430 786 1543 850 sed
1588 785 1780 849 etiam
1828 787 2019 850 aliam
2065 788 2135 850 in

222 871 611 936 sententiam
649 872 940 955 scribere,
978 876 1059 956 et,
1098 895 1296 956 quum
1333 874 1414 938 ad
1451 874 1633 938 illum
1672 875 1932 960 scribas,
1972 876 2135 939 nihil

221 963 286 1024 te
341 960 661 1024 recordari
726 960 803 1024 de
859 962 1147 1044 epistolis
1203 962 1357 1044 illis,
1422 984 1579 1045 quas
1644 963 1713 1026 in
1770 962 2136 1042 Tusculano

221 1048 359 1112 eius
424 1052 496 1112 tu
559 1048 718 1113 mihi
784 1049 1149 1133 ostendisti,
1214 1049 1377 1114 nihil
1432 1050 1510 1114 de
1569 1053 1928 1136 praeceptis
1983 1052 2137 1135 Epi-

222 1136 485 1220 charmi,
529 1138 780 1221 γνῶθι,
825 1138 964 1213 πῶς
1008 1134 1186 1225 ἄλλῳ
1232 1136 1559 1222 κέχρηται,
1604 1142 1816 1204 totum
1863 1140 2136 1224 denique

221 1226 499 1309 vultum,
563 1247 950 1311 sermonem,
1015 1228 1302 1291 animum
1366 1227 1530 1312 eius,
1600 1228 2137 1311 quemadmodum

222 1313 523 1397 coniici0,
579 1316 762 1398 quasi
807 1315 861 1379 ²⁸.
953 1312 1078 1379 Sed
1131 1316 1291 1380 haec
1343 1319 1418 1381 tu
1463 1316 1727 1381 videris:
1788 1317 1865 1381 de
1912 1317 2134 1382 subur·
2164 1331 2218 1371 24

222 1402 394 1468 bano
443 1424 596 1466 cura
640 1407 713 1467 ut
759 1403 984 1486 sciam,
1031 1404 1185 1487 quid
1231 1405 1416 1489 velis,
1473 1410 1536 1469 et
1583 1405 1799 1488 simul,
1854 1428 1936 1470 ne
1984 1406 2138 1490 quid

220 1491 330 1555 ille
384 1491 633 1576 turbet,
690 1492 852 1556 vide.
944 1491 1112 1567 Quid
1166 1493 1541 1577 praeterea?
1616 1493 1811 1577 quid?
1901 1493 2137 1559 Etiam.

222 1578 535 1644 Gabinius
584 1602 639 1644 a.
688 1580 745 1644 d.
791 1598 909 1644 1111.
955 1580 1100 1645 Kal.
1139 1580 1398 1647 Octobr.
1436 1586 1632 1647 noctu
1670 1583 1740 1645 in
1780 1582 2006 1648 urbem
2042 1584 2136 1647 in·

222 1667 516 1733 troierat:
568 1664 678 1755 [et]
728 1668 919 1733 hodie
963 1668 1127 1734 hora
1172 1688 1330 1753 vm„
1376 1692 1572 1754 quum
1620 1671 1828 1735 edicto
1875 1668 1946 1737 O.
1981 1671 2138 1736 Alfii

225 1756 302 1820 de
340 1756 674 1822 maiestate
713 1778 859 1822 eum
897 1758 1118 1821 adesse
1158 1762 1503 1843 oporteret,
1548 1779 1861 1824 concursu
1897 1781 2136 1845 magno

224 1850 290 1909 et
337 1845 482 1910 odio
537 1845 821 1911 universi
874 1847 1099 1930 populi
1151 1870 1358 1932 paene
1414 1848 1693 1914 afflictus
1749 1851 1863 1915 est.
1952 1848 2138 1914 Nihil

223 1934 336 1998 illo
383 1935 663 2019 turpius3
707 1936 1036 2018 proximus
1081 1939 1303 2001 tamen
1350 1942 1448 2002 est
1482 1936 1659 2002 Piso:
1705 1937 1922 2022 itaque
1964 1939 2136 2002 miri-

221 2022 416 2087 ficum
463 2023 808 2088 embolium
857 2024 1071 2109 cogito
1118 2025 1189 2088 in
1235 2026 1583 2090 secundum
1618 2027 1930 2091 librorum
1965 2049 2135 2092 meo·

222 2132 371 2174 rum
413 2111 756 2197 includere,
802 2112 1118 2177 dicentem
1163 2112 1534 2197 Apollinem
1571 2115 1641 2178 in
1678 2115 1948 2180 concilio
1990 2115 2134 2180 deo·

222 2221 396 2283 rum,
461 2200 664 2283 qualis
729 2201 971 2266 reditus
1037 2201 1311 2266 duorum
1363 2202 1826 2286 imperatorum
1878 2202 2135 2267 futurus

224 2290 411 2371 esset,
456 2310 728 2372 quorum
766 2291 929 2354 alter
965 2290 1311 2354 exercitum
1347 2290 1747 2374 perdidisset,
1788 2291 1950 2354 alter
1986 2311 2134 2355 ven·

224 2375 508 2441 didisset.
579 2377 680 2441 Ex
716 2377 1058 2442 Britannia
1087 2376 1323 2442 Caesar
1359 2378 1439 2442 ad
1476 2400 1577 2443 me
1606 2377 1749 2442 Kal.
1780 2376 2134 2462 Septembr.
2162 2400 2214 2439 25

222 2464 402 2528 dedit
426 2465 695 2549 litteraS,
732 2487 891 2550 quas
930 2487 1050 2551 ego
1089 2467 1306 2550 accepi
1344 2489 1399 2531 a.
1437 2467 1494 2531 d.
1530 2485 1648 2532 1111.
1685 2466 1828 2532 Kal.
1860 2465 2136 2553 Octobr„

223 2552 381 2616 satis
437 2553 805 2619 commodas
861 2555 937 2619 de
992 2554 1386 2620 Britannicis
1446 2557 1666 2640 rebus,
1730 2556 1989 2639 quibus,
2052 2578 2134 2619 ne

222 2641 517 2726 admirer,
563 2642 735 2726 quod
773 2665 812 2707 a
846 2646 912 2707 te
949 2644 1161 2708 nullas
1206 2644 1577 2729 acceperim,
1624 2644 1845 2709 scribit
1891 2665 1958 2708 se
1998 2644 2134 2708 sine

222 2732 287 2792 te
333 2730 560 2815 fuisse,
615 2753 813 2814 quum
868 2732 949 2796 ad
1004 2753 1180 2795 mare
1236 2733 1588 2798 accesserit.
1688 2731 1793 2795 Ad
1849 2753 1956 2796 eas
2013 2753 2133 2816 ego

221 2818 282 2882 ei
348 2818 598 2883 litteras
671 2819 834 2883 nihil
896 2820 1223 2904 rescripsi,
1295 2841 1377 2885 ne
1442 2820 1813 2906 gratulandi
1880 2820 2134 2903 quidem

363 3027 465 3097 Ep.
511 3035 565 3096 1,
603 3033 688 3082 23.
760 3031 1063 3097 recordari,
1112 3032 1178 3084 de
1226 3046 1305 3100 ep.
1363 3030 1485 3101 (L.).
1575 3047 1619 3085 r.
1679 3031 1768 3102 [de
1812 3030 1889 3156 sgj
1944 3031 2009 3086 de
2052 3046 2130 3099 ep.

217 3096 413 3165 MRI„
452 3099 513 3152 B.
572 3129 637 3138 —
695 3099 837 3165 eius,
884 3101 1329 3168 quemadmodum
1374 3117 1446 3169 e.,
1490 3101 1652 3171 quasi
1688 3104 1732 3155 *.
1871 3102 1937 3156 ed
1982 3102 2133 3170 (W.).

217 3184 281 3234 e.,
317 3186 366 3239 q.
406 3184 469 3235 c.,
505 3186 553 3239 q.
592 3169 928 3225 dedidicisse.
1003 3170 1113 3226 Sed
1150 3172 1300 3241 (W.).
1375 3188 1449 3237 e.;
1483 3189 1531 3241 q.
1572 3187 1634 3239 c.,
1670 3172 1832 3242 quasi
1865 3201 1950 3225 —.
2027 3171 2137 3226 Sed

215 3239 279 3293 B.
354 3246 439 3294 24.
496 3241 813 3295 introierat:
862 3240 955 3311 [et]
993 3242 1150 3297 hodie
1188 3243 1336 3310 (W.).
1410 3242 1688 3298 introierit
1731 3248 1781 3297 et
1813 3242 1864 3297 h.
1902 3241 1976 3295 M.
2051 3244 2133 3295 in-

216 3311 407 3366 troivit
442 3315 491 3365 et
526 3311 575 3365 h.
616 3310 717 3366 ΕΙ.
810 3312 1101 3367 introierat
1152 3313 1254 3380 (sic
1291 3329 1358 3367 ex
1406 3312 1492 3364 W.
1560 3312 1754 3382 conj.),
1792 3318 1840 3366 et
1874 3313 1925 3366 h.
1966 3313 2025 3365 B.
2067 3342 2134 3353 —

215 3381 485 3439 librorum
528 3397 763 3437 meorum
813 3381 1090 3450 (Gruter.).
1186 3383 1386 3437 librum
1442 3384 1706 3438 librorum
1751 3398 1987 3437 meorum
2032 3382 2088 3434 M
2103 3387 2130 3434 1

217 3454 383 3521 (teste
420 3452 629 3522 Furia).
706 3453 905 3508 librum
942 3470 1009 3508 m.
1049 3455 1083 3508 l.
1122 3454 1251 3521 Mc,
1289 3454 1389 3506 ΕΙ.
1463 3469 1532 3507 m.
1571 3454 1605 3507 l.
1645 3452 1821 3519 Man„
1859 3453 1920 3505 B.

1600 3540 1709 3591 4⁰*
2141 3528 2303 3636 j-
