2338 3691
207 151 338 217 562
776 150 853 205 M.
891 149 1139 206 TULLII
1176 149 1559 205 CICERONIS

209 299 362 362 ante
407 297 604 361 fuerit
654 295 948 380 ignotus,
1000 294 1152 359 huic
1208 298 1522 378 quantum
1577 296 1965 361 eredendum
2026 296 2134 379 sit,

208 386 378 451 vide:
432 406 569 450 non
612 382 773 468 quin
816 383 1071 467 possint
1114 383 1301 446 multi
1347 404 1486 447 esse
1530 383 1959 466 provinciales
2004 384 2132 448 viri

209 474 391 556 boni,
454 472 567 537 sed
628 472 754 536 hoc
808 492 1066 555 sperare
1127 470 1305 555 licet,
1359 471 1641 536 iudicare
1694 473 2131 556 periculosum

210 565 336 645 est3
380 560 601 625 multis
647 559 819 624 enim
865 559 1350 624 simulationum
1393 560 1741 625 involucris
1780 561 2025 645 tegitur
2063 565 2131 625 et

212 649 395 734 quasi
450 648 608 714 velis
673 648 1060 732 quibusdam
1123 647 1495 713 obtenditur
1558 648 1749 712 unius
1814 648 2126 732 cuiusque

210 740 471 802 natura:
533 736 748 820 fronS,
812 737 1009 819 oculi,
1071 736 1288 801 vultus
1341 757 1649 821 persaepe
1703 737 2129 821 mentiuntur,

212 826 420 892 oratio
465 846 618 891 vero
666 824 1056 909 saepissime.
1147 823 1579 899 Quamobrem
1633 825 1743 909 qui
1797 829 2000 909 potes'
2030 847 2127 890 re·

209 914 418 999 perire
483 935 562 979 ex
623 935 700 979 eo
755 933 990 998 genere
1044 911 1407 997 hominum,
1471 912 1582 997 qui
1643 914 1953 997 pecuniae
2017 935 2128 979 cu·

209 1003 482 1087 piditate
527 1001 789 1067 adducti
834 1004 1097 1066 careant
1148 1001 1229 1066 iis
1283 1001 1476 1066 rebus
1522 1002 1849 1087 omnibus,
1903 1025 1944 1066 a
1989 1003 2129 1086 qui·

211 1091 333 1156 bus
377 1112 500 1157 nos
546 1090 781 1157 divulsi
826 1111 966 1155 esse
1011 1111 1147 1155 non
1183 1111 1545 1191 possumus,
1588 1094 1656 1154 te
1695 1094 1929 1192 autem,
1976 1092 2128 1155 alie-

210 1202 368 1244 num
412 1179 770 1261 hominem,
823 1181 1044 1243 ament
1096 1200 1174 1242 ex
1219 1178 1436 1243 animo
1491 1199 1567 1244 ac
1618 1200 1755 1245 non
1809 1179 1910 1245 sui
1954 1200 2128 1244 com-

210 1269 387 1333 modi
449 1290 644 1333 causa
706 1266 1056 1331 simulent?
1163 1266 1329 1331 Mihi
1382 1266 1639 1351 quidem
1697 1285 2128 1369 permagnum

212 1357 483 1441 videtur,
525 1355 906 1441 praesertim
952 1356 1008 1419 si
1049 1355 1246 1419 iidem
1280 1355 1575 1420 homines
1620 1356 1944 1439 privatum
1988 1378 2131 1421 non

210 1444 346 1515 fere
401 1466 827 1530 quemquam,
880 1447 1210 1528 praetores
1274 1465 1525 1528 semper
1588 1465 1812 1509 omnes
1875 1448 2127 1509 amant:

212 1555 341 1617 quo
397 1555 475 1598 ex
529 1553 763 1619 genere
816 1532 872 1597 si
936 1553 1126 1617 quem
1188 1531 1358 1597 forte
1411 1532 1508 1596 tui
1553 1533 1852 1617 cognosti
1906 1555 2127 1598 aman-

210 1622 445 1687 tiorem
472 1658 556 1669 -—
584 1622 725 1687 fieri
769 1621 941 1686 enim
986 1620 1200 1705 potuit
1225 1656 1314 1666 —
1342 1642 1535 1704 quam
1578 1621 1906 1705 temporie,
1949 1622 2128 1686 hunc

212 1732 365 1775 vero
429 1710 513 1774 ad
570 1714 832 1775 tuorum
893 1730 1234 1774 numerum
1287 1709 1565 1773 libenter
1627 1709 1958 1794 ascribit03
2022 1711 2129 1774 sin

214 1802 431 1864 autem
474 1797 541 1864 id
586 1820 722 1864 non
767 1798 1142 1883 perspicies,
1197 1798 1448 1863 nullum
1494 1818 1699 1884 genus
1746 1799 1868 1863 erit
1912 1799 1982 1863 in
2024 1798 2125 1863 fa-

212 1887 581 1951 miliaritate
627 1887 983 1952 cavendum
1019 1887 1247 1972 magis,
1290 1890 1633 1971 propterea
1670 1888 1842 1971 quod
1888 1892 1954 1952 et
1990 1909 2125 1952 om-

212 1996 329 2039 nes
373 1975 512 2039 vias
556 1975 866 2059 pecuniae
910 1979 1155 2040 norunt
1201 1979 1266 2039 et
1311 1975 1529 2040 omnia
1573 1977 1883 2060 pecuniae
1930 1997 2126 2040 causa

211 2062 464 2128 faciunt
507 2066 590 2146 et,
648 2063 906 2147 quicum
950 2064 1181 2128 victuri
1223 2084 1359 2128 non
1406 2066 1576 2148 sunt,
1622 2064 1757 2129 eius
1803 2064 2124 2129 existima-

137 2167 188 2212 ιο
213 2151 380 2218 tioni
425 2151 757 2218 consulere
803 2173 939 2216 non
985 2155 1231 2216 curant.
1302 2150 1519 2235 Atque
1556 2152 1754 2217 etiam
1799 2175 1833 2217 e
1862 2151 2125 2217 Graecis

213 2239 372 2325 ipsis
418 2240 760 2326 diligenter
803 2240 1123 2305 cavendae
1168 2243 1323 2304 sunt
1365 2241 1408 2318 †
1435 2240 1751 2324 quaedam
1793 2240 2125 2306 familiari-

213 2332 382 2393 tates
436 2333 693 2414 praeter
742 2327 1078 2394 hominum
1132 2350 1627 2415 perpaucorum,
1692 2330 1746 2393 si
1802 2330 1913 2414 qui
1970 2334 2128 2394 sunt

215 2420 428 2481 vetere
475 2415 742 2482 Graecia
795 2417 1001 2503 digni:
1046 2417 1089 2496 †
1118 2417 1208 2480 sic
1262 2438 1413 2482 vero
1466 2418 1731 2482 fallaces
1786 2422 1940 2484 sunt
1982 2440 2126 2503 per-

213 2505 403 2570 multi
466 2509 532 2568 et
592 2506 765 2569 leves
837 2509 904 2569 et
973 2505 1279 2569 diuturna
1343 2507 1649 2570 servitute
1712 2505 1793 2571 ad
1857 2507 2126 2571 nimiam

216 2590 719 2659 assentationem
765 2580 1021 2658 eruditi:
1076 2615 1238 2678 quos
1285 2614 1407 2679 ego
1452 2595 1787 2661 universos
1833 2595 2129 2660 adhiberi

213 2682 590 2766 liberaliter,
646 2681 962 2767 optimum
1008 2703 1321 2767 quemque
1376 2683 1660 2768 hospitio
1716 2683 2126 2768 amicitiaque

216 2771 525 2856 coniungi
569 2770 710 2836 dico
747 2774 1071 2856 oportere3
1115 2771 1352 2836 nimiae
1388 2772 1860 2838 familiaritates
1902 2794 2127 2838 eorum

215 2858 254 2900 *
281 2859 318 2900 *
370 2881 577 2945 neque
639 2862 776 2924 tam
836 2859 1056 2925 fideles
1121 2863 1274 2925 sunt
1319 2895 1403 2908 —-
1449 2882 1584 2926 non
1648 2861 1819 2926 enim
1883 2862 2130 2927 audent

355 3140 458 3211 Ep.
499 3148 547 3209 1,
581 3146 660 3196 15.
733 3145 969 3197 natura.-
1002 3140 1161 3208 frons
1199 3141 1429 3212 (vulgo).
1502 3160 1577 3209 n„
1611 3143 1652 3209 f.
1692 3143 1753 3198 Β.
1792 3174 1859 3184 -
1898 3145 1974 3199 ad
2008 3149 2129 3198 tuo·

104 3266 108 3271 ,
216 3228 341 3266 rum
375 3228 661 3266 umerum
697 3211 802 3280 (cd.
832 3211 1104 3294 Lon-gol..)
1179 3213 1253 3266 ad
1289 3217 1523 3267 tuumn.
1562 3213 1692 3267 ΜΒ.
1769 3220 1849 3269 16.
1905 3219 2126 3284 -Ι-ςιιαι·

217 3284 347 3336 dam
380 3281 554 3346 famil.
595 3282 745 3351 (W..)
818 3281 1043 3336 Excidit
1087 3281 1427 3337 adiectivum
1464 3283 1540 3338 ali
1544 3283 1719 3353 q,uod
1766 3287 1834 3340 ut
1881 3286 2121 3341 intimae.
2216 3328 2228 3337 .

218 3367 268 3419 q.
303 3351 344 3416 f.
383 3351 571 3421 vulgo.
609 3381 676 3392 -
712 3356 750 3418 †
785 3353 865 3406 sic
897 3368 1022 3408 vero
1056 3353 1281 3418 fallaces
1328 3354 1475 3421 (W..)
1564 3370 1716 3409 nwnc
1747 3371 1797 3409 v.
1833 3356 1877 3422 t*
1916 3356 2050 3423 (Ern
2056 3357 2125 3424 .)?

295 3420 425 3485 v.f.
470 3422 657 3492 vulga
706 3451 773 3462 -
819 3439 1002 3478 eorum
1039 3427 1068 3461 ’³‘
1096 3428 1127 3461 ³¹⁸
1162 3440 1330 3492 neque
1379 3424 1529 3491 (W..)
1630 3441 1672 3479 e.
1709 3428 1978 3483 cavendae
2011 3426 2125 3495 (vel

219 3490 516 3560 vitandae),
551 3493 694 3560 quod
727 3510 781 3548 n.
821 3523 889 3536 -—
925 3510 1092 3564 neque
1127 3496 1211 3550 ita
1244 3495 1424 3562 fideles
1460 3495 1568 3563 (W.
1571 3496 1628 3564 )·?
