2338 3691
694 847 914 905 mena
947 847 1286 916 QUARTUS
1320 845 1657 907 memma.

458 971 600 1042 AD
675 974 1342 1042 TERENTIAM
1413 974 1892 1043 UXOREM.

1145 1154 1199 1218 Ι.

291 1270 407 1326 Ser.
443 1270 781 1342 Dyrrhachii
816 1290 866 1328 a.
905 1273 958 1328 d.
996 1272 1090 1328 VI.
1129 1273 1253 1328 Kal.
1290 1273 1624 1329 Decembres
1662 1289 1713 1328 a.
1750 1291 1803 1327 u.
1844 1290 1889 1327 c.
1928 1279 2049 1327 696.

291 1411 603 1469 TULLIUS
650 1414 1073 1470 TERENTIAE
1122 1415 1336 1483 SUAE,
1386 1414 1798 1471 TULLIOLAE
1845 1413 2058 1476 SUAE.

602 1484 949 1540 CICERONI
986 1486 1122 1541 SUO
1163 1486 1509 1540 SALUTEM
1542 1484 1757 1540 DICIT.

154 1612 183 1661 1
356 1590 447 1657 Et
488 1593 719 1658 litteris
774 1595 1123 1660 multorum
1177 1599 1244 1660 et
1297 1616 1592 1660 sermone
1647 1594 1936 1660 omnium
1989 1614 2131 1676 per-

222 1679 425 1744 fertur
460 1682 542 1745 ad
577 1704 680 1746 me
714 1683 1151 1748 incredibilem
1195 1687 1375 1747 tuam
1422 1684 1724 1749 virtutem
1769 1686 1836 1747 et
1878 1682 2128 1746 fortitu·

223 1768 438 1832 dinem
466 1791 605 1834 esse
639 1775 827 1856 teque
863 1793 983 1835 nec
1010 1772 1211 1837 animi
1245 1793 1452 1858 neque
1482 1771 1765 1856 corporis
1802 1770 2129 1835 laboribus

224 1857 578 1943 defatigari.
666 1859 772 1923 Me
817 1861 1148 1925 miserum!
1203 1864 1269 1926 te
1313 1861 1442 1926 ista
1484 1861 1746 1946 virtute,
1789 1860 1940 1943 fide,
1985 1881 2128 1943 pro·

223 1944 451 2029 bitate,
503 1948 904 2012 humanitate
948 1949 1019 2013 in
1060 1952 1279 2014 tantas
1326 1971 1665 2014 aerumnas
1719 1951 1984 2034 propter
2026 1968 2130 2010 me

223 1998 541 2119 incidisse,
586 2036 1054 2121 Tulliolamque
1098 2041 1418 2122 nostram,
1465 2059 1543 2101 ex
1590 2060 1714 2122 quo
1760 2039 1941 2122 patre
1985 2038 2129 2100 tan·

222 2124 326 2186 tas
352 2124 715 2208 voluptates
744 2125 1054 2210 capiebat,
1082 2147 1160 2190 ex
1189 2149 1264 2192 eo
1290 2089 1510 2191 tan'tos
1538 2125 1863 2210 percipere
1891 2125 2129 2189 luctus!

225 2207 396 2274 Nam
441 2213 594 2297 quid
640 2233 759 2298 ego
806 2214 882 2278 de
930 2213 1234 2280 Cicerone
1282 2214 1534 2279 dicam?
1587 2214 1698 2298 qui
1752 2235 1950 2299 quum
2002 2213 2130 2313 pri·

225 2320 402 2363 mum
448 2323 668 2386 sapere
714 2301 952 2387 coep1‘t,
1007 2303 1452 2368 acerbissimos
1507 2302 1757 2367 dolores
1811 2302 2132 2366 miserias-

226 2408 348 2471 que
392 2390 691 2473 percepit.
765 2388 940 2465 Quae
978 2392 1053 2476 si,
1094 2395 1167 2454 tu
1213 2394 1287 2455 ut
1331 2392 1574 2474 scribiS,
1618 2391 1755 2455 fato
1800 2391 1972 2455 facta
2015 2411 2132 2473 pu·

223 2478 447 2561 tarem⁷
490 2478 723 2542 ferrem
767 2480 985 2562 paullo
1029 2480 1308 2563 facilius,
1363 2480 1474 2544 sed
1521 2480 1738 2544 omnia
1792 2482 1943 2543 sunt
1987 2499 2134 2542 mea

225 2565 414 2647 culpa
458 2567 816 2651 commissa,
861 2568 972 2651 qui
1016 2569 1098 2633 ab
1143 2568 1224 2633 iis
1269 2589 1372 2632 me
1419 2567 1621 2632 amari
1656 2569 1984 2651 putabam,
2022 2567 2134 2650 qui

155 2672 187 2721 2
224 2652 615 2740 invidebant,
661 2677 769 2721 eos
814 2678 950 2721 non
995 2657 1331 2740 sequebar,
1377 2657 1488 2741 qui
1530 2656 1854 2740 petebant.
1947 2653 2134 2730 Quod

227 2741 282 2804 si
326 2744 566 2808 nostris
603 2744 886 2810 consiliis
921 2745 1023 2809 usi
1060 2765 1343 2809 essemus
1379 2766 1586 2829 neque
1623 2744 1794 2828 apud
1827 2766 1948 2810 nos
1988 2747 2133 2808 tan·

223 2832 363 2893 tum
417 2833 724 2898 valuisset
767 2855 975 2897 sermo
1030 2836 1145 2897 aut
1207 2833 1549 2898 stultorum
1614 2832 1966 2900 amicorum
2021 2835 2136 2896 aut

222 2918 689 3005 improborum,
744 2922 1100 2987 beatissimi
1143 2920 1526 2986 viveremus:
1580 2942 1780 3001 nunc,
1827 2922 2131 3008 quoniam

226 3028 480 3088 sperare
533 3032 654 3075 nos
711 3011 901 3074 amici
953 3011 1205 3094 iubent,
1269 3011 1435 3075 dabo
1501 3032 1788 3096 operam,
1851 3033 1933 3076 ne
1988 3033 2134 3075 mea

223 3096 520 3162 valetudo
564 3102 678 3164 tuo
723 3099 929 3163 labori
976 3098 1154 3162 desit.
1228 3097 1357 3163 Res
1397 3103 1639 3184 quanta
1677 3100 1778 3185 sit,
1822 3101 2134 3184 intelligO,

227 3188 589 3269 quantoque
652 3187 846 3252 fuerit
905 3187 1154 3251 facilius
1218 3209 1476 3253 manere
1542 3188 1716 3253 domi
1780 3211 1973 3273 quam
2037 3210 2131 3252 re·

226 3268 388 3351 dire3
437 3274 547 3337 sed
589 3278 825 3359 tamen,
872 3276 927 3339 si
972 3297 1195 3340 omnes
1238 3276 1534 3342 tribunos
1579 3279 1664 3360 pl.
1700 3277 2032 3360 habemus,
2075 3281 2131 3341 si

367 3458 469 3528 Ep.
510 3468 557 3529 1,
588 3469 634 3517 1.
707 3466 980 3533 incidisse,
1020 3466 1082 3521 T.
1124 3467 1275 3537 (W.).
1346 3469 1419 3523 ιζ]
1458 3469 1519 3524 Τ.
1558 3469 1621 3524 Β.
