2338 3691
122 529 155 577 2

191 104 321 168 278
758 103 832 157 Μ.
872 101 1118 157 TULLII
1154 101 1538 158 CICERONIS

188 249 618 335 intelligerem
670 250 735 311 te
792 268 932 313 esse
987 251 1409 332 commotum,
1462 252 1530 313 et
1585 269 1705 335 ego
1759 250 1881 315 tibi
1926 271 2112 315 aceu-

99 402 105 407 .
189 341 329 404 rate
375 337 846 421 reseripseram,
889 338 965 400 ut
1007 357 1256 421 quoquo
1292 336 1484 402 modo
1530 338 1600 401 in
1644 338 1763 403 tali
1807 360 1877 402 re
1915 343 2110 422 atque

190 431 482 511 tempore
528 427 643 490 au‘t
684 425 1027 489 liberarem
1078 428 1146 489 te
1193 425 1320 490 ista
1365 447 1519 490 eura
1564 430 1679 491 aut
1725 430 1894 492 certe
1939 428 2110 492 leva·

191 537 357 599 rem;
411 514 550 598 sed,
603 513 909 598 quoniam
954 514 1263 596 proximis
1310 536 1564 599 quoque
1616 516 1850 580 litteris
1897 518 2111 580 osten-

195 604 318 687 dis,
374 606 652 687 quantae
697 603 820 667 tibi
873 624 1061 667 eurae
1119 602 1205 667 sit
1259 624 1336 667 ea
1387 624 1518 687 ree,
1573 604 1691 689 sie,
1754 605 1843 668 mi
1895 602 2111 689 Paete,

192 693 458 758 habeto:
515 691 825 776 quidquid
881 695 1018 755 arte
1082 691 1224 755 fieri
1267 692 1553 777 potuerit
1605 729 1690 739 —
1745 714 1883 758 non
1936 693 2110 758 enim

193 782 325 846 iam
370 781 526 845 satis
572 784 673 846 est
717 781 988 845 oonsilio
1034 801 1352 867 pugnare:
1399 780 1742 845 artificium
1788 781 2109 866 quoddam

192 869 693 955 excogitandum
740 873 839 934 est
865 906 969 953 —,
1015 869 1127 933 sed
1161 873 1401 954 tamen,
1447 869 1755 955 quidquid
1792 870 2111 935 elaborari

195 962 311 1023 aut
355 959 524 1022 efflei
568 958 855 1043 potuerit
898 958 981 1022 ad
1024 958 1299 1023 istorum
1338 958 1856 1023 benevolentiam
1902 959 2112 1024 eonci-

194 1048 482 1112 liandam
528 1050 595 1111 et
638 1047 1085 1132 colligendam,
1132 1068 1381 1112 summo
1421 1047 1634 1112 studio
1671 1069 1772 1112 me
1809 1068 2110 1113 eonseeu-

196 1140 337 1201 tum
383 1157 541 1220 esse,
584 1156 706 1201 nee
748 1136 1017 1218 frustra,
1071 1143 1148 1200 ut
1193 1135 1498 1220 arbitror3
1550 1136 1644 1200 sie
1698 1136 1872 1200 enim
1918 1137 2111 1221 eolor,

198 1226 289 1290 sie
335 1225 641 1290 observor
686 1226 768 1289 ab
814 1224 1114 1291 omnibus
1157 1225 1257 1308 iis,
1302 1224 1413 1309 qui
1446 1245 1491 1289 a
1526 1222 1798 1290 Caesare
1835 1225 2111 1310 diligun-

196 1317 322 1397 tur,
366 1317 441 1378 ut
487 1314 568 1378 ab
613 1313 692 1378 iis
737 1333 841 1378 me
887 1313 1089 1378 amari
1134 1316 1386 1398 putem3
1437 1314 1699 1379 tametsi
1741 1335 1878 1378 non
1921 1313 2110 1382 facile

199 1402 584 1467 diiudicatur
621 1423 803 1467 amor
838 1424 1026 1468 verus
1064 1404 1131 1466 et
1163 1402 1372 1486 fietus,
1411 1403 1538 1467 nisi
1575 1402 1834 1487 aliquod
1868 1402 2112 1467 ineidat

128 1488 150 1507 ’
200 1492 514 1557 eiusmodi
556 1494 812 1576 tempus
822 1541 841 1575 ‚
884 1495 985 1575 ut,
1040 1491 1226 1575 quasi
1282 1513 1511 1556 aurum
1552 1492 1722 1577 igni,
1776 1491 1868 1555 sie
1920 1492 2111 1556 bene-

199 1580 485 1645 volentia
535 1579 743 1644 fidelis
795 1580 1081 1664 periculo
1127 1580 1343 1664 aliquo
1398 1580 1675 1665 perspici
1728 1579 1961 1665 possit,
2015 1600 2113 1644 ee-

198 1672 340 1732 tera
386 1671 540 1733 sunt
584 1669 774 1754 signa
810 1669 1203 1752 eommunia3
1249 1668 1360 1734 sed
1405 1689 1527 1754 ego
1564 1690 1696 1734 uno
1732 1673 1882 1734 utor
1926 1689 2113 1754 argu·

200 1760 421 1821 mento
432 1807 450 1841 ,
505 1757 921 1840 quamobrem
966 1779 1069 1822 me
1118 1779 1197 1821 ex
1250 1757 1466 1823 animo
1522 1779 1795 1842 vereque
1841 1757 2112 1826 arbitrer

203 1845 403 1931 diligi,
449 1847 600 1930 quia
646 1849 713 1911 et
754 1849 981 1911 nostra
1022 1847 1292 1912 fortuna
1335 1868 1413 1911 ea
1458 1850 1558 1913 est
1602 1850 1668 1912 et
1709 1847 1996 1930 illorum,
2039 1849 2114 1910 ut

203 1934 550 1999 simulandi
595 1956 790 2000 eausa
831 1957 968 2000 non
1014 1936 1116 2000 sit.
1188 1934 1286 2000 De
1331 1936 1444 2001 illo
1491 1940 1726 2018 autem,
1771 1955 1962 2019 quem
2005 1956 2113 2019 pe-

201 2045 318 2089 nes
365 2027 464 2088 est
508 2024 719 2090 omnis
764 2027 1053 2108 potestas
1072 2075 1089 2108 ,
1133 2024 1299 2089 nihil
1342 2023 1556 2109 video,
1610 2024 1782 2108 quod
1834 2024 2114 2108 timeam,

201 2112 331 2177 nisi
375 2112 548 2197 quod
593 2113 813 2178 omnia
856 2116 1011 2177 sunt
1050 2113 1326 2196 ineerta,
1371 2134 1569 2196 quum
1615 2135 1655 2177 a
1698 2113 1835 2177 iure
1881 2112 2115 2190 discess-

205 2223 347 2265 sum
384 2204 501 2286 est,
545 2223 666 2266 nee
704 2202 1021 2286 praestari
1056 2201 1408 2286 quidquam
1441 2204 1675 2286 potest,
1719 2201 1907 2286 quale
1942 2201 2115 2267 futu-

203 2313 347 2354 rum
394 2291 497 2374 sit,
543 2291 715 2375 quod
759 2291 1043 2376 positum
1089 2294 1191 2355 est
1223 2291 1296 2354 in
1333 2291 1596 2355 alterius
1633 2290 1987 2375 voluntate,
2028 2311 2116 2354 ne

206 2379 415 2444 dicam
465 2380 757 2462 libidine3
821 2380 933 2444 sed
994 2383 1217 2443 tamen
1272 2379 1407 2443 eius
1460 2379 1663 2464 ipsius
1717 2378 1900 2444 nulla
1950 2400 2022 2444 re
2077 2400 2118 2443 a

205 2489 308 2533 me
354 2468 636 2533 offensus
700 2471 800 2533 est
861 2468 1139 2552 animus;
1194 2471 1294 2533 est
1346 2468 1519 2533 enim
1574 2467 1863 2532 adhibita
1923 2468 1996 2533 in
2042 2490 2119 2532 ea

204 2579 273 2622 re
326 2557 471 2643 ipsa
523 2580 775 2622 summa
828 2579 867 2620 a
918 2558 1107 2622 nobis
1162 2556 1544 2640 moderatim
1605 2559 1681 2621 ut
1734 2556 1907 2621 enim
1963 2556 2119 2623 olim

207 2646 568 2712 arbitrabar
604 2667 743 2712 esse
779 2667 993 2710 meum
1027 2646 1229 2710 libere
1262 2646 1459 2731 loqui,
1500 2646 1680 2711 euius
1717 2667 1914 2730 opera
1948 2649 2120 2710 esset

113 2735 117 2741 ’
205 2736 276 2799 in
322 2736 581 2802 civitate
625 2736 909 2820 libertas,
954 2735 1045 2799 sie
1091 2755 1167 2799 ea
1212 2755 1386 2799 nune
1431 2735 1669 2800 amissa
1712 2734 1878 2798 nihil
1919 2733 2120 2818 loqui,

207 2824 379 2908 quod
426 2824 712 2890 offendat
748 2826 864 2888 aut
905 2822 1079 2888 illius
1118 2827 1233 2888 aut
1276 2845 1517 2907 eorum,
1561 2823 1671 2907 qui
1706 2823 1789 2887 ab
1825 2822 1940 2889 illo
1979 2823 2120 2888 dili·

208 2916 475 2999 guntur,
529 2914 957 2994 voluntatem3
1010 2911 1290 2998 effugere
1345 2915 1561 2976 autem
1608 2912 1663 2977 si
1718 2912 1913 2977 velim
1956 2933 2120 2978 non-

205 3002 534 3067 nullorum
591 3004 777 3067 acute
832 3005 947 3066 aut
998 3000 1206 3066 facete
1253 3001 1572 3068 dictorum
1619 3000 1888 3083 famam,
1941 3001 2122 3066 fama

207 3088 454 3172 ingenii
496 3089 658 3155 mihi
711 3093 812 3155 est
854 3088 1240 3176 abiicienda,
1295 3089 1493 3174 quod,
1533 3090 1596 3154 si
1646 3111 1932 3175 possem,
1983 3111 2123 3155 non

349 3243 453 3312 Ep.
496 3250 577 3311 16,
606 3251 665 3300 2.⁴
719 3252 938 3315 putenm
972 3248 1189 3303 tametsi
1226 3245 1328 3314 (sie
1355 3245 1522 3315 Crat„
1557 3246 1828 3318 Madvig.)
1866 3288 1879 3301 .
1904 3288 1947 3302 ..
1985 3263 2123 3303 com·

210 3314 434 3377 mwm‘a;
486 3316 580 3368 sed
633 3317 783 3385 (W.).
882 3323 1089 3386 putem.
1161 3335 1294 3373 nam
1343 3320 1444 3372 etsi
1603 3335 1675 3385 c.,
1727 3319 1821 3374 sed
1871 3318 2006 3374 ΜΒ.
2051 3349 2122 3359 —-

212 3381 595 3518 gffvssg’iegptur
632 3386 802 3454 (W.)?
882 3394 932 3441 3.
988 3390 1125 3445 mihi
1168 3394 1246 3445 est
1282 3390 1596 3445 abiicienda
1645 3389 1780 3457 (M).
1851 3406 1918 3444 m.
1956 3391 2033 3444 sit
2066 3407 2123 3444 a.
