<?xml version="1.0" encoding="UTF-8"?>
<!DOCTYPE html PUBLIC "-//W3C//DTD XHTML 1.0 Transitional//EN"
    "http://www.w3.org/TR/xhtml1/DTD/xhtml1-transitional.dtd">
<html xmlns="http://www.w3.org/1999/xhtml" xml:lang="en" lang="en">
 <head>
  <title>
</title>
<meta http-equiv="Content-Type" content="text/html;charset=utf-8" />
  <meta name='ocr-system' content='tesseract 3.04.00' />
  <meta name='ocr-capabilities' content='ocr_page ocr_carea ocr_par ocr_line ocrx_word'/>
</head>
<body>
  <div class='ocr_page' id='page_1' title='image "./scriptaquaemans02wesegoog_0023.png"; bbox 0 0 2338 3691; ppageno 0'>
   <div class='ocr_carea' id='block_1_1' title="bbox 783 121 2133 197">
    <p class='ocr_par' dir='ltr' id='par_1_1' title="bbox 783 121 2133 197">
     <span class='ocr_line' id='line_1_1' title="bbox 783 121 2133 197; baseline 0.004 -20"><span class='ocrx_word' id='word_1_1' title='bbox 783 122 1300 197; x_wconf 77' lang='lat' dir='ltr'>EPISTOLARUM</span> <span class='ocrx_word' id='word_1_2' title='bbox 1334 124 1378 177; x_wconf 88' lang='lat'>1.</span> <span class='ocrx_word' id='word_1_3' title='bbox 1417 128 1571 189; x_wconf 72' lang='lat'><strong>5—7·</strong></span> <span class='ocrx_word' id='word_1_4' title='bbox 2089 121 2133 183; x_wconf 87' lang='lat'>9</span> 
     </span>
    </p>
   </div>
   <div class='ocr_carea' id='block_1_2' title="bbox 215 266 2143 618">
    <p class='ocr_par' dir='ltr' id='par_1_2' title="bbox 215 266 2143 618">
     <span class='ocr_line' id='line_1_2' title="bbox 216 266 2143 352; baseline -0.001 -21"><span class='ocrx_word' id='word_1_5' title='bbox 216 268 467 351; x_wconf 88' lang='lat' dir='ltr'>partim</span> <span class='ocrx_word' id='word_1_6' title='bbox 511 268 844 333; x_wconf 79' lang='lat' dir='ltr'><strong>obscurius</strong></span> <span class='ocrx_word' id='word_1_7' title='bbox 897 268 1129 352; x_wconf 90' lang='lat' dir='ltr'>iniqui,</span> <span class='ocrx_word' id='word_1_8' title='bbox 1185 267 1423 351; x_wconf 83' lang='lat' dir='ltr'>partim</span> <span class='ocrx_word' id='word_1_9' title='bbox 1475 287 1613 331; x_wconf 95' lang='lat' dir='ltr'>non</span> <span class='ocrx_word' id='word_1_10' title='bbox 1659 266 2143 330; x_wconf 76' lang='lat' dir='ltr'>dissimulanter</span> 
     </span>
     <span class='ocr_line' id='line_1_3' title="bbox 216 355 2141 441; baseline -0.001 -22"><span class='ocrx_word' id='word_1_11' title='bbox 216 357 401 420; x_wconf 90' lang='lat' dir='ltr'>irati:</span> <span class='ocrx_word' id='word_1_12' title='bbox 467 360 539 420; x_wconf 88' lang='lat' dir='ltr'>tu</span> <span class='ocrx_word' id='word_1_13' title='bbox 593 357 697 421; x_wconf 87' lang='lat' dir='ltr'>fac</span> <span class='ocrx_word' id='word_1_14' title='bbox 753 357 972 420; x_wconf 85' lang='lat' dir='ltr'>animo</span> <span class='ocrx_word' id='word_1_15' title='bbox 1021 357 1179 421; x_wconf 88' lang='lat' dir='ltr'>forti</span> <span class='ocrx_word' id='word_1_16' title='bbox 1234 377 1600 441; x_wconf 86' lang='lat' dir='ltr'>magnoque</span> <span class='ocrx_word' id='word_1_17' title='bbox 1654 355 1741 419; x_wconf 88' lang='lat' dir='ltr'>sis</span> <span class='ocrx_word' id='word_1_18' title='bbox 1798 375 2141 438; x_wconf 82' lang='lat' dir='ltr'>speresque</span> 
     </span>
     <span class='ocr_line' id='line_1_4' title="bbox 215 442 2140 529; baseline -0.001 -21"><span class='ocrx_word' id='word_1_19' title='bbox 215 445 385 529; x_wconf 86' lang='lat' dir='ltr'>fore,</span> <span class='ocrx_word' id='word_1_20' title='bbox 422 447 498 508; x_wconf 91' lang='lat' dir='ltr'>ut</span> <span class='ocrx_word' id='word_1_21' title='bbox 530 444 738 510; x_wconf 88' lang='lat' dir='ltr'>fracto</span> <span class='ocrx_word' id='word_1_22' title='bbox 777 446 1021 528; x_wconf 88' lang='lat' dir='ltr'>impetu</span> <span class='ocrx_word' id='word_1_23' title='bbox 1057 444 1365 508; x_wconf 88' lang='lat' dir='ltr'>levissimi</span> <span class='ocrx_word' id='word_1_24' title='bbox 1401 443 1682 508; x_wconf 83' lang='lat' dir='ltr'>hominis</span> <span class='ocrx_word' id='word_1_25' title='bbox 1718 447 1898 508; x_wconf 88' lang='lat' dir='ltr'>tuam</span> <span class='ocrx_word' id='word_1_26' title='bbox 1925 442 2140 528; x_wconf 88' lang='lat' dir='ltr'>pristi-</span> 
     </span>
     <span class='ocr_line' id='line_1_5' title="bbox 218 533 1698 618; baseline 0.001 -22"><span class='ocrx_word' id='word_1_27' title='bbox 218 555 382 598; x_wconf 87' lang='lat' dir='ltr'>nam</span> <span class='ocrx_word' id='word_1_28' title='bbox 430 533 814 618; x_wconf 87' lang='lat' dir='ltr'>dignitatem</span> <span class='ocrx_word' id='word_1_29' title='bbox 858 536 924 598; x_wconf 89' lang='lat' dir='ltr'>et</span> <span class='ocrx_word' id='word_1_30' title='bbox 969 533 1244 618; x_wconf 81' lang='lat' dir='ltr'>gloriam</span> <span class='ocrx_word' id='word_1_31' title='bbox 1289 554 1698 617; x_wconf 75' lang='lat' dir='ltr'>consequare.</span> 
     </span>
    </p>
   </div>
   <div class='ocr_carea' id='block_1_3' title="bbox 1121 727 1236 792">
    <p class='ocr_par' dir='ltr' id='par_1_3' title="bbox 1121 727 1236 792">
     <span class='ocr_line' id='line_1_6' title="bbox 1121 727 1236 792; baseline -0.009 0"><span class='ocrx_word' id='word_1_32' title='bbox 1121 727 1236 792; x_wconf 93' lang='lat' dir='ltr'>VI.</span> 
     </span>
    </p>
   </div>
   <div class='ocr_carea' id='block_1_4' title="bbox 544 838 1830 896">
    <p class='ocr_par' dir='ltr' id='par_1_4' title="bbox 544 838 1830 896">
     <span class='ocr_line' id='line_1_7' title="bbox 544 838 1830 896; baseline 0.001 -3"><span class='ocrx_word' id='word_1_33' title='bbox 544 838 658 896; x_wconf 87' lang='lat' dir='ltr'>Ser.</span> <span class='ocrx_word' id='word_1_34' title='bbox 685 840 894 895; x_wconf 88' lang='lat' dir='ltr'>Romae</span> <span class='ocrx_word' id='word_1_35' title='bbox 920 857 1109 895; x_wconf 87' lang='lat' dir='ltr'>mense</span> <span class='ocrx_word' id='word_1_36' title='bbox 1137 839 1441 895; x_wconf 81' lang='lat' dir='ltr'>Februario</span> <span class='ocrx_word' id='word_1_37' title='bbox 1469 856 1520 895; x_wconf 85' lang='lat' dir='ltr'>a.</span> <span class='ocrx_word' id='word_1_38' title='bbox 1549 858 1604 895; x_wconf 89' lang='grc'>11.</span> <span class='ocrx_word' id='word_1_39' title='bbox 1634 856 1678 894; x_wconf 83' lang='grc'>6.</span> <span class='ocrx_word' id='word_1_40' title='bbox 1710 845 1830 896; x_wconf 73' lang='grc'>698.</span> 
     </span>
    </p>
   </div>
   <div class='ocr_carea' id='block_1_5' title="bbox 497 961 1874 1019">
    <p class='ocr_par' dir='ltr' id='par_1_5' title="bbox 497 961 1874 1019">
     <span class='ocr_line' id='line_1_8' title="bbox 497 961 1874 1019; baseline 0 -2"><span class='ocrx_word' id='word_1_41' title='bbox 497 962 571 1017; x_wconf 85' lang='grc' dir='ltr'>Μ.</span> <span class='ocrx_word' id='word_1_42' title='bbox 609 961 862 1018; x_wconf 87' lang='lat' dir='ltr'>CICERO</span> <span class='ocrx_word' id='word_1_43' title='bbox 902 963 955 1019; x_wconf 87' lang='lat' dir='ltr'>S.</span> <span class='ocrx_word' id='word_1_44' title='bbox 993 964 1059 1019; x_wconf 89' lang='lat' dir='ltr'>D.</span> <span class='ocrx_word' id='word_1_45' title='bbox 1097 964 1158 1018; x_wconf 89' lang='lat' dir='ltr'>P.</span> <span class='ocrx_word' id='word_1_46' title='bbox 1197 963 1541 1018; x_wconf 87' lang='lat' dir='ltr'>LENTULO</span> <span class='ocrx_word' id='word_1_47' title='bbox 1582 962 1874 1019; x_wconf 86' lang='lat' dir='ltr'>PROCOS.</span> 
     </span>
    </p>
   </div>
   <div class='ocr_carea' id='block_1_6' title="bbox 221 1060 2218 2631">
    <p class='ocr_par' dir='ltr' id='par_1_6' title="bbox 221 1060 2218 2631">
     <span class='ocr_line' id='line_1_9' title="bbox 364 1060 2209 1149; baseline 0.002 -22"><span class='ocrx_word' id='word_1_48' title='bbox 364 1060 544 1138; x_wconf 85' lang='lat' dir='ltr'>Quae</span> <span class='ocrx_word' id='word_1_49' title='bbox 589 1067 922 1147; x_wconf 76' lang='lat' dir='ltr'>gerantur,</span> <span class='ocrx_word' id='word_1_50' title='bbox 967 1065 1240 1149; x_wconf 84' lang='lat' dir='ltr'>accipies</span> <span class='ocrx_word' id='word_1_51' title='bbox 1288 1086 1363 1128; x_wconf 86' lang='lat' dir='ltr'>ex</span> <span class='ocrx_word' id='word_1_52' title='bbox 1408 1063 1727 1147; x_wconf 83' lang='lat' dir='ltr'>Pollione,</span> <span class='ocrx_word' id='word_1_53' title='bbox 1781 1064 1892 1148; x_wconf 89' lang='lat' dir='ltr'>qui</span> <span class='ocrx_word' id='word_1_54' title='bbox 1939 1063 2140 1127; x_wconf 88' lang='lat' dir='ltr'>omni·</span> <span class='ocrx_word' id='word_1_55' title='bbox 2183 1082 2209 1130; x_wconf 84' lang='grc'>1</span> 
     </span>
     <span class='ocr_line' id='line_1_10' title="bbox 221 1151 2141 1236; baseline 0.001 -22"><span class='ocrx_word' id='word_1_56' title='bbox 221 1151 353 1214; x_wconf 89' lang='lat' dir='ltr'>bus</span> <span class='ocrx_word' id='word_1_57' title='bbox 395 1151 679 1235; x_wconf 87' lang='lat' dir='ltr'>negotiis</span> <span class='ocrx_word' id='word_1_58' title='bbox 723 1173 860 1217; x_wconf 94' lang='lat' dir='ltr'>non</span> <span class='ocrx_word' id='word_1_59' title='bbox 903 1153 1202 1218; x_wconf 74' lang='lat' dir='ltr'>interfuit</span> <span class='ocrx_word' id='word_1_60' title='bbox 1245 1154 1471 1236; x_wconf 89' lang='lat' dir='ltr'>solum,</span> <span class='ocrx_word' id='word_1_61' title='bbox 1517 1152 1628 1216; x_wconf 87' lang='lat' dir='ltr'>sed</span> <span class='ocrx_word' id='word_1_62' title='bbox 1673 1151 1970 1235; x_wconf 76' lang='lat' dir='ltr'>praefuit</span> <span class='ocrx_word' id='word_1_63' title='bbox 2035 1151 2141 1215; x_wconf 91' lang='lat' dir='ltr'>Me</span> 
     </span>
     <span class='ocr_line' id='line_1_11' title="bbox 224 1238 2142 1341; baseline 0 -39"><span class='ocrx_word' id='word_1_64' title='bbox 224 1240 297 1303; x_wconf 89' lang='lat' dir='ltr'>in</span> <span class='ocrx_word' id='word_1_65' title='bbox 328 1260 580 1304; x_wconf 89' lang='lat' dir='ltr'>summo</span> <span class='ocrx_word' id='word_1_66' title='bbox 609 1239 850 1323; x_wconf 91' lang='lat' dir='ltr'>dolore,</span> <span class='ocrx_word' id='word_1_67' title='bbox 876 1262 1065 1325; x_wconf 90' lang='lat' dir='ltr'>quem</span> <span class='ocrx_word' id='word_1_68' title='bbox 1096 1238 1212 1329; x_wconf 92' lang='lat' dir='ltr'>[in]</span> <span class='ocrx_word' id='word_1_69' title='bbox 1251 1243 1381 1306; x_wconf 91' lang='lat' dir='ltr'>tuis</span> <span class='ocrx_word' id='word_1_70' title='bbox 1409 1241 1600 1305; x_wconf 91' lang='lat' dir='ltr'>rebus</span> <span class='ocrx_word' id='word_1_71' title='bbox 1628 1240 1832 1341; x_wconf 79' lang='lat' dir='ltr'>capio,</span> <span class='ocrx_word' id='word_1_72' title='bbox 1867 1241 2142 1304; x_wconf 84' lang='lat' dir='ltr'>maxime</span> 
     </span>
     <span class='ocr_line' id='line_1_12' title="bbox 225 1326 2210 1414; baseline -0.001 -23"><span class='ocrx_word' id='word_1_73' title='bbox 225 1326 478 1392; x_wconf 88' lang='lat' dir='ltr'>scilicet</span> <span class='ocrx_word' id='word_1_74' title='bbox 530 1329 904 1394; x_wconf 88' lang='lat' dir='ltr'>consolatur</span> <span class='ocrx_word' id='word_1_75' title='bbox 948 1351 1120 1414; x_wconf 91' lang='lat' dir='ltr'>spes,</span> <span class='ocrx_word' id='word_1_76' title='bbox 1176 1330 1347 1414; x_wconf 89' lang='lat' dir='ltr'>quod</span> <span class='ocrx_word' id='word_1_77' title='bbox 1400 1328 1586 1394; x_wconf 86' lang='lat' dir='ltr'>valde</span> <span class='ocrx_word' id='word_1_78' title='bbox 1642 1328 1933 1412; x_wconf 79' lang='lat' dir='ltr'>suspicor</span> <span class='ocrx_word' id='word_1_79' title='bbox 1985 1328 2144 1410; x_wconf 87' lang='lat' dir='ltr'>fore,</span> <span class='ocrx_word' id='word_1_80' title='bbox 2202 1392 2210 1400; x_wconf 75' lang='grc'>,</span> 
     </span>
     <span class='ocr_line' id='line_1_13' title="bbox 224 1415 2143 1502; baseline -0.001 -22"><span class='ocrx_word' id='word_1_81' title='bbox 224 1419 306 1480; x_wconf 91' lang='lat' dir='ltr'>ut</span> <span class='ocrx_word' id='word_1_82' title='bbox 348 1415 747 1501; x_wconf 86' lang='lat' dir='ltr'>infringatur</span> <span class='ocrx_word' id='word_1_83' title='bbox 780 1417 1117 1483; x_wconf 86' lang='lat' dir='ltr'>hominum</span> <span class='ocrx_word' id='word_1_84' title='bbox 1153 1417 1534 1502; x_wconf 82' lang='lat' dir='ltr'>improbitas</span> <span class='ocrx_word' id='word_1_85' title='bbox 1581 1419 1647 1480; x_wconf 92' lang='lat' dir='ltr'>et</span> <span class='ocrx_word' id='word_1_86' title='bbox 1682 1416 1965 1480; x_wconf 90' lang='lat' dir='ltr'>consiliis</span> <span class='ocrx_word' id='word_1_87' title='bbox 2001 1419 2143 1479; x_wconf 89' lang='lat' dir='ltr'>tuo·</span> 
     </span>
     <span class='ocr_line' id='line_1_14' title="bbox 229 1504 2143 1590; baseline -0.001 -22"><span class='ocrx_word' id='word_1_88' title='bbox 229 1526 381 1568; x_wconf 90' lang='lat' dir='ltr'>rum</span> <span class='ocrx_word' id='word_1_89' title='bbox 431 1505 785 1570; x_wconf 89' lang='lat' dir='ltr'>amicorum</span> <span class='ocrx_word' id='word_1_90' title='bbox 841 1509 905 1569; x_wconf 92' lang='lat' dir='ltr'>et</span> <span class='ocrx_word' id='word_1_91' title='bbox 955 1506 1098 1589; x_wconf 90' lang='lat' dir='ltr'>ipsa</span> <span class='ocrx_word' id='word_1_92' title='bbox 1153 1506 1281 1590; x_wconf 90' lang='lat' dir='ltr'>die,</span> <span class='ocrx_word' id='word_1_93' title='bbox 1336 1527 1500 1589; x_wconf 87' lang='lat' dir='ltr'>quae</span> <span class='ocrx_word' id='word_1_94' title='bbox 1555 1504 1848 1587; x_wconf 86' lang='lat' dir='ltr'>debilitat</span> <span class='ocrx_word' id='word_1_95' title='bbox 1902 1504 2143 1589; x_wconf 87' lang='lat' dir='ltr'>cogita·</span> 
     </span>
     <span class='ocr_line' id='line_1_15' title="bbox 230 1582 2218 1678; baseline 0.002 -22"><span class='ocrx_word' id='word_1_96' title='bbox 230 1592 443 1657; x_wconf 88' lang='lat' dir='ltr'>tiones</span> <span class='ocrx_word' id='word_1_97' title='bbox 489 1597 557 1657; x_wconf 89' lang='lat' dir='ltr'>et</span> <span class='ocrx_word' id='word_1_98' title='bbox 599 1594 1008 1659; x_wconf 86' lang='lat' dir='ltr'>inimicorum</span> <span class='ocrx_word' id='word_1_99' title='bbox 1053 1597 1119 1658; x_wconf 91' lang='lat' dir='ltr'>et</span> <span class='ocrx_word' id='word_1_100' title='bbox 1161 1594 1564 1678; x_wconf 88' lang='lat' dir='ltr'>proditorum</span> <span class='ocrx_word' id='word_1_101' title='bbox 1617 1582 1903 1676; x_wconf 83' lang='lat' dir='ltr'>tuorum3</span> <span class='ocrx_word' id='word_1_102' title='bbox 1955 1593 2144 1657; x_wconf 88' lang='lat' dir='ltr'>facile</span> <span class='ocrx_word' id='word_1_103' title='bbox 2183 1613 2218 1660; x_wconf 75' lang='lat'>2</span> 
     </span>
     <span class='ocr_line' id='line_1_16' title="bbox 233 1681 2144 1748; baseline 0 -3"><span class='ocrx_word' id='word_1_104' title='bbox 233 1681 513 1747; x_wconf 88' lang='lat' dir='ltr'>secundo</span> <span class='ocrx_word' id='word_1_105' title='bbox 550 1683 695 1746; x_wconf 93' lang='lat' dir='ltr'>loco</span> <span class='ocrx_word' id='word_1_106' title='bbox 732 1704 834 1746; x_wconf 91' lang='lat' dir='ltr'>me</span> <span class='ocrx_word' id='word_1_107' title='bbox 871 1684 1241 1748; x_wconf 89' lang='lat' dir='ltr'>consolatur</span> <span class='ocrx_word' id='word_1_108' title='bbox 1275 1683 1631 1748; x_wconf 86' lang='lat' dir='ltr'>recordatio</span> <span class='ocrx_word' id='word_1_109' title='bbox 1670 1703 1959 1746; x_wconf 89' lang='lat' dir='ltr'>meorum</span> <span class='ocrx_word' id='word_1_110' title='bbox 1986 1685 2144 1746; x_wconf 88' lang='lat' dir='ltr'>tem-</span> 
     </span>
     <span class='ocr_line' id='line_1_17' title="bbox 231 1771 2146 1857; baseline 0 -23"><span class='ocrx_word' id='word_1_111' title='bbox 231 1791 482 1855; x_wconf 90' lang='lat' dir='ltr'>porum,</span> <span class='ocrx_word' id='word_1_112' title='bbox 530 1792 804 1855; x_wconf 89' lang='lat' dir='ltr'>quorum</span> <span class='ocrx_word' id='word_1_113' title='bbox 839 1771 1192 1857; x_wconf 89' lang='lat' dir='ltr'>imaginem</span> <span class='ocrx_word' id='word_1_114' title='bbox 1225 1771 1411 1836; x_wconf 86' lang='lat' dir='ltr'>video</span> <span class='ocrx_word' id='word_1_115' title='bbox 1449 1772 1519 1834; x_wconf 92' lang='lat' dir='ltr'>in</span> <span class='ocrx_word' id='word_1_116' title='bbox 1554 1771 1745 1836; x_wconf 89' lang='lat' dir='ltr'>rebus</span> <span class='ocrx_word' id='word_1_117' title='bbox 1782 1771 1930 1854; x_wconf 81' lang='lat' dir='ltr'>tuiS,</span> <span class='ocrx_word' id='word_1_118' title='bbox 1975 1792 2146 1855; x_wconf 87' lang='lat' dir='ltr'>nam,</span> 
     </span>
     <span class='ocr_line' id='line_1_18' title="bbox 232 1860 2149 1945; baseline 0 -22"><span class='ocrx_word' id='word_1_119' title='bbox 232 1860 357 1924; x_wconf 87' lang='lat' dir='ltr'>etsi</span> <span class='ocrx_word' id='word_1_120' title='bbox 399 1860 651 1923; x_wconf 89' lang='lat' dir='ltr'>minore</span> <span class='ocrx_word' id='word_1_121' title='bbox 696 1861 766 1924; x_wconf 93' lang='lat' dir='ltr'>in</span> <span class='ocrx_word' id='word_1_122' title='bbox 810 1882 879 1925; x_wconf 93' lang='grc'>1·6</span> <span class='ocrx_word' id='word_1_123' title='bbox 924 1861 1204 1926; x_wconf 82' lang='lat' dir='ltr'>violatur</span> <span class='ocrx_word' id='word_1_124' title='bbox 1246 1865 1362 1925; x_wconf 86' lang='lat' dir='ltr'>tua</span> <span class='ocrx_word' id='word_1_125' title='bbox 1410 1852 1718 1945; x_wconf 82' lang='lat' dir='ltr'>dignitas,</span> <span class='ocrx_word' id='word_1_126' title='bbox 1765 1882 1957 1944; x_wconf 89' lang='lat' dir='ltr'>quam</span> <span class='ocrx_word' id='word_1_127' title='bbox 2003 1881 2149 1923; x_wconf 88' lang='lat' dir='ltr'>mea</span> 
     </span>
     <span class='ocr_line' id='line_1_19' title="bbox 232 1948 2147 2033; baseline -0.001 -21"><span class='ocrx_word' id='word_1_128' title='bbox 232 1948 480 2012; x_wconf 84' lang='lat' dir='ltr'>afflicta</span> <span class='ocrx_word' id='word_1_129' title='bbox 525 1952 649 2032; x_wconf 90' lang='lat' dir='ltr'>est,</span> <span class='ocrx_word' id='word_1_130' title='bbox 707 1952 926 2013; x_wconf 89' lang='lat' dir='ltr'>tamen</span> <span class='ocrx_word' id='word_1_131' title='bbox 979 1952 1079 2014; x_wconf 90' lang='lat' dir='ltr'>est</span> <span class='ocrx_word' id='word_1_132' title='bbox 1121 1952 1312 2013; x_wconf 86' lang='lat' dir='ltr'>tanta</span> <span class='ocrx_word' id='word_1_133' title='bbox 1356 1949 1733 2033; x_wconf 83' lang='lat' dir='ltr'>similitudo,</span> <span class='ocrx_word' id='word_1_134' title='bbox 1776 1950 1852 2011; x_wconf 90' lang='lat' dir='ltr'>ut</span> <span class='ocrx_word' id='word_1_135' title='bbox 1896 1969 2147 2031; x_wconf 87' lang='lat' dir='ltr'>sperem</span> 
     </span>
     <span class='ocr_line' id='line_1_20' title="bbox 231 2036 2146 2122; baseline 0 -23"><span class='ocrx_word' id='word_1_136' title='bbox 231 2041 296 2100; x_wconf 87' lang='lat' dir='ltr'>te</span> <span class='ocrx_word' id='word_1_137' title='bbox 347 2036 508 2100; x_wconf 78' lang='lat' dir='ltr'>mihi</span> <span class='ocrx_word' id='word_1_138' title='bbox 550 2037 904 2122; x_wconf 82' lang='lat' dir='ltr'>ignoscere,</span> <span class='ocrx_word' id='word_1_139' title='bbox 949 2038 1004 2101; x_wconf 91' lang='lat' dir='ltr'>si</span> <span class='ocrx_word' id='word_1_140' title='bbox 1050 2059 1126 2102; x_wconf 85' lang='lat' dir='ltr'>ea</span> <span class='ocrx_word' id='word_1_141' title='bbox 1169 2060 1306 2103; x_wconf 94' lang='lat' dir='ltr'>non</span> <span class='ocrx_word' id='word_1_142' title='bbox 1350 2038 1691 2121; x_wconf 89' lang='lat' dir='ltr'>timuerim,</span> <span class='ocrx_word' id='word_1_143' title='bbox 1736 2058 1900 2120; x_wconf 89' lang='lat' dir='ltr'>quae</span> <span class='ocrx_word' id='word_1_144' title='bbox 1945 2058 2026 2100; x_wconf 90' lang='lat' dir='ltr'>ne</span> <span class='ocrx_word' id='word_1_145' title='bbox 2073 2041 2146 2099; x_wconf 88' lang='lat' dir='ltr'>tu</span> 
     </span>
     <span class='ocr_line' id='line_1_21' title="bbox 232 2123 2150 2209; baseline -0.001 -20"><span class='ocrx_word' id='word_1_146' title='bbox 232 2123 496 2209; x_wconf 88' lang='lat' dir='ltr'>quidem</span> <span class='ocrx_word' id='word_1_147' title='bbox 548 2147 856 2209; x_wconf 91' lang='lat' dir='ltr'>umquam</span> <span class='ocrx_word' id='word_1_148' title='bbox 907 2126 1196 2190; x_wconf 89' lang='lat' dir='ltr'>timenda</span> <span class='ocrx_word' id='word_1_149' title='bbox 1241 2126 1494 2191; x_wconf 89' lang='lat' dir='ltr'>duxisti.</span> <span class='ocrx_word' id='word_1_150' title='bbox 1598 2124 1723 2190; x_wconf 86' lang='lat' dir='ltr'>Sed</span> <span class='ocrx_word' id='word_1_151' title='bbox 1780 2129 2038 2209; x_wconf 87' lang='lat' dir='ltr'>praesta</span> <span class='ocrx_word' id='word_1_152' title='bbox 2082 2128 2150 2188; x_wconf 89' lang='lat' dir='ltr'>te</span> 
     </span>
     <span class='ocr_line' id='line_1_22' title="bbox 232 2213 2148 2299; baseline -0.001 -22"><span class='ocrx_word' id='word_1_153' title='bbox 232 2235 413 2298; x_wconf 88' lang='lat' dir='ltr'>eum,</span> <span class='ocrx_word' id='word_1_154' title='bbox 468 2213 579 2297; x_wconf 89' lang='lat' dir='ltr'>qui</span> <span class='ocrx_word' id='word_1_155' title='bbox 622 2213 784 2278; x_wconf 89' lang='lat' dir='ltr'>mihi</span> <span class='ocrx_word' id='word_1_156' title='bbox 830 2236 869 2277; x_wconf 87' lang='lat' dir='ltr'>a</span> <span class='ocrx_word' id='word_1_157' title='bbox 913 2215 1181 2299; x_wconf 87' lang='lat' dir='ltr'>teneris,</span> <span class='ocrx_word' id='word_1_158' title='bbox 1233 2218 1309 2279; x_wconf 92' lang='lat' dir='ltr'>ut</span> <span class='ocrx_word' id='word_1_159' title='bbox 1352 2213 1579 2279; x_wconf 84' lang='lat' dir='ltr'>Graeci</span> <span class='ocrx_word' id='word_1_160' title='bbox 1624 2213 1871 2296; x_wconf 90' lang='lat' dir='ltr'>dicunt,</span> <span class='ocrx_word' id='word_1_161' title='bbox 1916 2213 2148 2297; x_wconf 88' lang='lat' dir='ltr'>ungui·</span> 
     </span>
     <span class='ocr_line' id='line_1_23' title="bbox 231 2302 2149 2387; baseline -0.002 -21"><span class='ocrx_word' id='word_1_162' title='bbox 231 2302 398 2366; x_wconf 84' lang='lat' dir='ltr'>culis</span> <span class='ocrx_word' id='word_1_163' title='bbox 445 2323 513 2366; x_wconf 89' lang='lat' dir='ltr'>es</span> <span class='ocrx_word' id='word_1_164' title='bbox 560 2303 885 2387; x_wconf 87' lang='lat' dir='ltr'>cognitus:</span> <span class='ocrx_word' id='word_1_165' title='bbox 930 2302 1298 2387; x_wconf 87' lang='lat' dir='ltr'>illustrabit,</span> <span class='ocrx_word' id='word_1_166' title='bbox 1342 2303 1502 2367; x_wconf 88' lang='lat' dir='ltr'>mihi</span> <span class='ocrx_word' id='word_1_167' title='bbox 1548 2303 1749 2386; x_wconf 86' lang='lat' dir='ltr'>crede,</span> <span class='ocrx_word' id='word_1_168' title='bbox 1793 2305 1980 2366; x_wconf 88' lang='lat' dir='ltr'>tuam</span> <span class='ocrx_word' id='word_1_169' title='bbox 2019 2323 2149 2364; x_wconf 89' lang='lat' dir='ltr'>am-</span> 
     </span>
     <span class='ocr_line' id='line_1_24' title="bbox 230 2389 2151 2475; baseline -0.002 -21"><span class='ocrx_word' id='word_1_170' title='bbox 230 2389 621 2475; x_wconf 88' lang='lat' dir='ltr'>plitudinem</span> <span class='ocrx_word' id='word_1_171' title='bbox 665 2390 1001 2456; x_wconf 88' lang='lat' dir='ltr'>hominum</span> <span class='ocrx_word' id='word_1_172' title='bbox 1042 2392 1297 2456; x_wconf 89' lang='lat' dir='ltr'>iniuria.</span> <span class='ocrx_word' id='word_1_173' title='bbox 1385 2391 1447 2456; x_wconf 92' lang='lat' dir='ltr'><strong>A</strong></span> <span class='ocrx_word' id='word_1_174' title='bbox 1490 2413 1593 2455; x_wconf 90' lang='lat' dir='ltr'>me</span> <span class='ocrx_word' id='word_1_175' title='bbox 1639 2390 1858 2456; x_wconf 83' lang='lat' dir='ltr'>omnia</span> <span class='ocrx_word' id='word_1_176' title='bbox 1901 2411 2151 2454; x_wconf 85' lang='lat' dir='ltr'>summa</span> 
     </span>
     <span class='ocr_line' id='line_1_25' title="bbox 229 2477 2150 2564; baseline -0.001 -22"><span class='ocrx_word' id='word_1_177' title='bbox 229 2481 304 2543; x_wconf 91' lang='lat' dir='ltr'>in</span> <span class='ocrx_word' id='word_1_178' title='bbox 352 2482 416 2543; x_wconf 86' lang='lat' dir='ltr'>te</span> <span class='ocrx_word' id='word_1_179' title='bbox 465 2477 679 2542; x_wconf 89' lang='lat' dir='ltr'>studia</span> <span class='ocrx_word' id='word_1_180' title='bbox 725 2478 1061 2564; x_wconf 85' lang='lat' dir='ltr'>officiaque</span> <span class='ocrx_word' id='word_1_181' title='bbox 1108 2483 1430 2564; x_wconf 85' lang='lat' dir='ltr'>exspecta:</span> <span class='ocrx_word' id='word_1_182' title='bbox 1475 2501 1611 2544; x_wconf 92' lang='lat' dir='ltr'>non</span> <span class='ocrx_word' id='word_1_183' title='bbox 1644 2479 1869 2544; x_wconf 87' lang='lat' dir='ltr'>fallam</span> <span class='ocrx_word' id='word_1_184' title='bbox 1906 2479 2150 2563; x_wconf 89' lang='lat' dir='ltr'>opinio-</span> 
     </span>
     <span class='ocr_line' id='line_1_26' title="bbox 228 2570 631 2631; baseline 0 0"><span class='ocrx_word' id='word_1_185' title='bbox 228 2589 389 2631; x_wconf 89' lang='lat' dir='ltr'>nem</span> <span class='ocrx_word' id='word_1_186' title='bbox 432 2570 631 2631; x_wconf 91' lang='lat' dir='ltr'>tuam.</span> 
     </span>
    </p>
   </div>
   <div class='ocr_carea' id='block_1_7' title="bbox 1121 2761 1271 2826">
    <p class='ocr_par' dir='ltr' id='par_1_7' title="bbox 1121 2761 1271 2826">
     <span class='ocr_line' id='line_1_27' title="bbox 1121 2761 1271 2826; baseline 0 0"><span class='ocrx_word' id='word_1_187' title='bbox 1121 2761 1271 2826; x_wconf 87' lang='lat' dir='ltr'><strong>VII.</strong></span> 
     </span>
    </p>
   </div>
   <div class='ocr_carea' id='block_1_8' title="bbox 598 2872 1788 2929">
    <p class='ocr_par' dir='ltr' id='par_1_8' title="bbox 598 2872 1788 2929">
     <span class='ocr_line' id='line_1_28' title="bbox 598 2872 1788 2929; baseline -0.001 -2"><span class='ocrx_word' id='word_1_188' title='bbox 598 2872 712 2928; x_wconf 89' lang='lat' dir='ltr'>Scr.</span> <span class='ocrx_word' id='word_1_189' title='bbox 740 2873 951 2928; x_wconf 83' lang='lat' dir='ltr'>Romae</span> <span class='ocrx_word' id='word_1_190' title='bbox 978 2891 1168 2929; x_wconf 88' lang='lat' dir='ltr'>mense</span> <span class='ocrx_word' id='word_1_191' title='bbox 1195 2873 1400 2929; x_wconf 89' lang='lat' dir='ltr'>Martio</span> <span class='ocrx_word' id='word_1_192' title='bbox 1429 2890 1478 2928; x_wconf 90' lang='lat' dir='ltr'>a.</span> <span class='ocrx_word' id='word_1_193' title='bbox 1508 2892 1561 2928; x_wconf 88' lang='lat' dir='ltr'>u.</span> <span class='ocrx_word' id='word_1_194' title='bbox 1592 2891 1638 2929; x_wconf 88' lang='lat' dir='ltr'>c.</span> <span class='ocrx_word' id='word_1_195' title='bbox 1668 2879 1788 2928; x_wconf 82' lang='lat'><strong>698.</strong></span> 
     </span>
    </p>
   </div>
   <div class='ocr_carea' id='block_1_9' title="bbox 522 2995 1866 3053">
    <p class='ocr_par' dir='ltr' id='par_1_9' title="bbox 522 2995 1866 3053">
     <span class='ocr_line' id='line_1_29' title="bbox 522 2995 1866 3053; baseline -0.001 -2"><span class='ocrx_word' id='word_1_196' title='bbox 522 2997 597 3051; x_wconf 89' lang='grc' dir='ltr'>Μ.</span> <span class='ocrx_word' id='word_1_197' title='bbox 628 2996 881 3052; x_wconf 86' lang='lat' dir='ltr'>CICERO</span> <span class='ocrx_word' id='word_1_198' title='bbox 923 2996 976 3051; x_wconf 88' lang='lat' dir='ltr'>S.</span> <span class='ocrx_word' id='word_1_199' title='bbox 1006 2997 1072 3051; x_wconf 92' lang='lat' dir='ltr'>D.</span> <span class='ocrx_word' id='word_1_200' title='bbox 1101 2997 1162 3052; x_wconf 90' lang='lat' dir='ltr'>P.</span> <span class='ocrx_word' id='word_1_201' title='bbox 1192 2996 1536 3053; x_wconf 87' lang='lat' dir='ltr'>LENTULO</span> <span class='ocrx_word' id='word_1_202' title='bbox 1575 2995 1866 3052; x_wconf 86' lang='lat' dir='ltr'>PROCOS.</span> 
     </span>
    </p>
   </div>
   <div class='ocr_carea' id='block_1_10' title="bbox 231 3096 2217 3359">
    <p class='ocr_par' dir='ltr' id='par_1_10' title="bbox 231 3096 2217 3359">
     <span class='ocr_line' id='line_1_30' title="bbox 372 3096 2217 3182; baseline 0.002 -21"><span class='ocrx_word' id='word_1_203' title='bbox 372 3096 535 3182; x_wconf 88' lang='lat' dir='ltr'>Legi</span> <span class='ocrx_word' id='word_1_204' title='bbox 578 3100 728 3161; x_wconf 87' lang='lat' dir='ltr'>tuas</span> <span class='ocrx_word' id='word_1_205' title='bbox 772 3098 1040 3182; x_wconf 88' lang='lat' dir='ltr'>litteras,</span> <span class='ocrx_word' id='word_1_206' title='bbox 1086 3098 1318 3181; x_wconf 91' lang='lat' dir='ltr'>quibus</span> <span class='ocrx_word' id='word_1_207' title='bbox 1357 3097 1439 3161; x_wconf 90' lang='lat' dir='ltr'>ad</span> <span class='ocrx_word' id='word_1_208' title='bbox 1484 3118 1586 3160; x_wconf 89' lang='lat' dir='ltr'>me</span> <span class='ocrx_word' id='word_1_209' title='bbox 1624 3097 1847 3161; x_wconf 90' lang='lat' dir='ltr'>scribis</span> <span class='ocrx_word' id='word_1_210' title='bbox 1893 3101 2150 3182; x_wconf 88' lang='lat' dir='ltr'>gratum</span> <span class='ocrx_word' id='word_1_211' title='bbox 2191 3119 2217 3165; x_wconf 84' lang='grc'>1</span> 
     </span>
     <span class='ocr_line' id='line_1_31' title="bbox 232 3184 2149 3269; baseline 0 -19"><span class='ocrx_word' id='word_1_212' title='bbox 232 3185 360 3250; x_wconf 85' lang='lat' dir='ltr'>tibi</span> <span class='ocrx_word' id='word_1_213' title='bbox 406 3206 562 3269; x_wconf 90' lang='lat' dir='ltr'>esse,</span> <span class='ocrx_word' id='word_1_214' title='bbox 608 3186 781 3269; x_wconf 88' lang='lat' dir='ltr'>quod</span> <span class='ocrx_word' id='word_1_215' title='bbox 827 3185 1050 3250; x_wconf 90' lang='lat' dir='ltr'>crebro</span> <span class='ocrx_word' id='word_1_216' title='bbox 1098 3187 1331 3251; x_wconf 90' lang='lat' dir='ltr'>certior</span> <span class='ocrx_word' id='word_1_217' title='bbox 1376 3207 1492 3269; x_wconf 87' lang='lat' dir='ltr'>per</span> <span class='ocrx_word' id='word_1_218' title='bbox 1535 3207 1637 3250; x_wconf 90' lang='lat' dir='ltr'>me</span> <span class='ocrx_word' id='word_1_219' title='bbox 1682 3184 1800 3249; x_wconf 90' lang='lat' dir='ltr'>fias</span> <span class='ocrx_word' id='word_1_220' title='bbox 1838 3185 1915 3249; x_wconf 90' lang='lat' dir='ltr'>de</span> <span class='ocrx_word' id='word_1_221' title='bbox 1949 3188 2149 3250; x_wconf 91' lang='lat' dir='ltr'>omni-</span> 
     </span>
     <span class='ocr_line' id='line_1_32' title="bbox 231 3273 2152 3359; baseline 0 -21"><span class='ocrx_word' id='word_1_222' title='bbox 231 3274 360 3338; x_wconf 87' lang='lat' dir='ltr'>bus</span> <span class='ocrx_word' id='word_1_223' title='bbox 413 3274 606 3338; x_wconf 88' lang='lat' dir='ltr'>rebus</span> <span class='ocrx_word' id='word_1_224' title='bbox 663 3277 729 3337; x_wconf 91' lang='lat' dir='ltr'>et</span> <span class='ocrx_word' id='word_1_225' title='bbox 781 3295 992 3339; x_wconf 90' lang='lat' dir='ltr'>meam</span> <span class='ocrx_word' id='word_1_226' title='bbox 1047 3295 1204 3359; x_wconf 89' lang='lat' dir='ltr'>erga</span> <span class='ocrx_word' id='word_1_227' title='bbox 1265 3278 1331 3337; x_wconf 86' lang='lat' dir='ltr'>te</span> <span class='ocrx_word' id='word_1_228' title='bbox 1385 3273 1901 3339; x_wconf 88' lang='lat' dir='ltr'>benevolentiam</span> <span class='ocrx_word' id='word_1_229' title='bbox 1962 3274 2152 3338; x_wconf 87' lang='lat' dir='ltr'>facile</span> 
     </span>
    </p>
   </div>
   <div class='ocr_carea' id='block_1_11' title="bbox 378 3463 2153 3535">
    <p class='ocr_par' dir='ltr' id='par_1_11' title="bbox 378 3463 2153 3535">
     <span class='ocr_line' id='line_1_33' title="bbox 378 3463 2153 3535; baseline -0.004 -16"><span class='ocrx_word' id='word_1_230' title='bbox 378 3464 484 3535; x_wconf 81' lang='lat' dir='ltr'>Ep.</span> <span class='ocrx_word' id='word_1_231' title='bbox 515 3472 566 3534; x_wconf 83' lang='lat'>6,</span> <span class='ocrx_word' id='word_1_232' title='bbox 598 3472 645 3520; x_wconf 87' lang='lat'>1.</span> <span class='ocrx_word' id='word_1_233' title='bbox 701 3483 854 3535; x_wconf 76' lang='lat' dir='ltr'>quem</span> <span class='ocrx_word' id='word_1_234' title='bbox 884 3467 983 3535; x_wconf 75' lang='lat' dir='ltr'>[in]</span> <span class='ocrx_word' id='word_1_235' title='bbox 1013 3466 1126 3520; x_wconf 74' lang='lat' dir='ltr'>tuis</span> <span class='ocrx_word' id='word_1_236' title='bbox 1153 3466 1303 3534; x_wconf 88' lang='lat' dir='ltr'><strong>(W.).</strong></span> <span class='ocrx_word' id='word_1_237' title='bbox 1361 3482 1408 3534; x_wconf 75' lang='lat' dir='ltr'>q.</span> <span class='ocrx_word' id='word_1_238' title='bbox 1437 3481 1504 3519; x_wconf 82' lang='lat' dir='ltr'>ex</span> <span class='ocrx_word' id='word_1_239' title='bbox 1530 3470 1567 3518; x_wconf 84' lang='lat' dir='ltr'>t.</span> <span class='ocrx_word' id='word_1_240' title='bbox 1600 3465 1752 3532; x_wconf 78' lang='lat' dir='ltr'>(L.)?·</span> <span class='ocrx_word' id='word_1_241' title='bbox 1791 3481 1840 3531; x_wconf 78' lang='lat' dir='ltr'>q.</span> <span class='ocrx_word' id='word_1_242' title='bbox 1868 3464 1993 3516; x_wconf 72' lang='lat' dir='ltr'>int.</span> <span class='ocrx_word' id='word_1_243' title='bbox 2016 3463 2153 3513; x_wconf 86' lang='grc' dir='ltr'>ΜΒ.</span> 
     </span>
    </p>
   </div>
  </div>
 </body>
</html>
