2338 3691
242 115 375 181 572
810 114 887 170 Μ.
925 113 1174 170 TULLII
1210 112 1592 169 CICERONIS

243 262 552 346 quoniam
604 260 677 325 in
730 280 872 325 eam
924 260 1245 325 rationem
1290 260 1461 324 vitae
1515 280 1637 325 nos
1691 280 1832 324 non
1874 262 2017 323 tam
2060 280 2172 324 cu·

242 350 480 434 piditas
526 347 843 434 quaedam
887 349 1131 433 gloriae
1179 369 1372 432 quam
1428 369 1531 412 res
1576 348 1722 432 ipsa
1776 369 1852 412 ac
1898 348 2172 413 fortuna

243 437 533 521 deduxit,
585 440 661 502 ut
706 437 1134 522 sempiternus
1190 458 1399 502 sermo
1452 435 1795 501 hominum
1849 436 1928 499 de
1971 436 2170 502 nobis

241 526 499 591 futurus
546 525 649 610 sit,
693 546 1050 610 caveamus,
1095 528 1411 610 quantum
1446 525 1698 589 efficere
1744 527 1811 589 et
1853 524 2171 609 consequi

242 635 604 698 possumus,
639 617 716 679 ut
748 636 832 679 ne
871 613 1098 699 quod
1079 637 1149 678 ιιι
1184 614 1375 681 nobis
1411 613 1665 699 insigne
1704 614 1934 678 vitium
1958 612 2169 679 fuisse

241 702 510 767 dicatur.
597 701 826 787 Neque
870 723 994 789 ego
1039 724 1213 768 nunc
1257 703 1382 768 hoc
1427 702 1768 804 contendo,
1813 702 1987 803 quod
2033 702 2167 767 for·

241 794 417 855 tasse
479 813 680 875 quum
741 792 813 856 in
877 792 1056 857 omni
1118 794 1381 876 natura,
1439 794 1582 855 tum
1632 791 1766 855 iam
1818 791 1889 854 in
1933 794 2169 856 nostra

243 881 457 945 aetate
501 879 758 944 difficile
805 883 931 965 est,
974 884 1227 945 mutare
1272 880 1559 945 animum
1606 882 1698 964 et,
1760 879 1816 944 si
1859 878 2018 963 quid
2065 883 2170 944 est

241 968 512 1052 penitus
555 970 825 1034 insitum
868 970 1177 1053 moribus,
1219 968 1287 1033 id
1333 969 1546 1033 subito
1593 968 1891 1050 evellere,
1936 968 2054 1032 sed
2097 971 2168 1033 te

241 1056 403 1121 illud
448 1058 792 1142 admoneo,
836 1060 935 1141 ut,
991 1058 1047 1122 si
1097 1057 1225 1123 hoc
1277 1058 1467 1142 plene
1511 1057 1717 1121 vitare
1774 1078 1911 1121 non
1954 1059 2168 1141 potes,

244 1145 417 1230 quod
471 1150 623 1213 ante
678 1149 1029 1231 occupatur
1082 1146 1336 1211 animus
1402 1146 1485 1210 ab
1538 1145 1901 1229 iracundia,
1965 1166 2169 1228 quam

242 1235 581 1320 providere
625 1235 794 1300 ratio
837 1235 1080 1320 potuit,
1131 1255 1217 1299 ne
1274 1238 1719 1319 occuparetur,
1775 1238 1852 1298 ut
1894 1238 1960 1298 te
2006 1237 2167 1298 ante

245 1344 578 1408 compares
650 1324 1061 1408 quotidieque
1132 1323 1439 1389 meditere
1517 1322 1948 1387 resistendum
2020 1344 2167 1388 esse

243 1411 639 1496 iracundiae,
703 1434 1027 1497 quumque
1091 1434 1168 1477 ea
1220 1413 1497 1476 maxime
1552 1411 1839 1476 animum
1885 1415 2170 1496 moveat,

242 1503 386 1565 tum
429 1501 552 1565 tibi
596 1521 734 1566 esse
788 1501 1275 1603 diligentissime
1328 1502 1616 1586 linguam
1675 1500 2167 1584 continendam3

246 1609 410 1672 quae
474 1589 731 1674 quidem
795 1590 955 1654 mihi
1016 1590 1222 1654 virtus
1274 1589 1318 1670 †
1361 1611 1501 1654 non
1560 1589 1886 1653 interdum
1946 1588 2167 1654 minor

245 1677 501 1742 videtur
563 1700 757 1762 quam
821 1679 1086 1743 omnino
1150 1700 1289 1744 non
1346 1678 1562 1743 irasci.
1624 1699 1780 1742 nam
1841 1676 2002 1741 illud
2065 1682 2167 1741 est·

244 1787 384 1830 non
428 1768 637 1831 solum
683 1767 1049 1853 gravitatiS,
1094 1767 1207 1831 sed
1250 1787 1739 1851 nonnumquam
1785 1766 1981 1830 etiam
2022 1766 2163 1830 len-

244 1855 569 1939 titudinis3
612 1857 935 1921 moderari
968 1877 1120 1922 vero
1158 1860 1226 1920 et
1260 1857 1478 1921 animo
1514 1859 1581 1920 et
1616 1855 1914 1939 orationi,
1959 1877 2164 1939 quum

246 1943 335 2007 sis
387 1943 621 2028 iratus,
683 1948 797 2009 aut
855 1945 1050 2009 etiam
1102 1948 1316 2010 tacere
1369 1947 1436 2010 et
1485 1949 1706 2009 tenere
1758 1945 1828 2008 in
1884 1965 2001 2008 sua
2045 1966 2163 2028 po-

243 2033 479 2095 testate
522 2034 773 2097 motum
816 2033 1016 2098 animi
1061 2036 1128 2097 et
1174 2034 1486 2118 dolorem,
1531 2034 1653 2097 etsi
1696 2054 1831 2098 non
1875 2035 1976 2098 est
2016 2055 2162 2116 per-

243 2117 452 2183 fectae
499 2121 882 2206 sapientiae,
923 2126 1144 2186 tamen
1190 2126 1289 2187 est
1331 2144 1470 2187 non
1511 2121 1849 2187 mediocris
1893 2121 2161 2207 ingenii.

165 2224 219 2266 ⁸9
245 2205 463 2292 Atque
515 2209 619 2273 in
639 2210 765 2275 hoc
819 2231 1054 2295 genere
1115 2212 1322 2276 multo
1385 2214 1450 2275 te
1504 2230 1643 2275 esse
1694 2211 1824 2275 iam
1878 2231 2161 2275 commo-

247 2295 494 2361 diorem
554 2299 1000 2382 mitioremque
1063 2299 1398 2364 nuntiant:
1468 2300 1688 2363 nullae
1755 2302 1907 2363 tuae
1969 2299 2160 2363 vehe-

245 2385 595 2450 mentiores
641 2387 841 2451 animi
894 2388 1386 2469 concitationes,
1446 2388 1628 2452 nulla
1680 2386 2023 2452 maledicta
2077 2387 2160 2454 ad

244 2493 395 2556 nos,
457 2475 676 2539 nullae
739 2476 1164 2541 contumeliae
1226 2476 1669 2561 perferuntur,
1729 2497 1895 2561 quae
1958 2498 2161 2561 quum

246 2560 601 2626 abhorrent
644 2585 684 2628 a
717 2564 950 2628 litteris
994 2569 1176 2647 atque
1228 2564 1309 2628 ab
1354 2564 1778 2648 humanitate,
1819 2568 1962 2628 tum
2005 2586 2160 2629 vero

247 2651 572 2716 contraria
617 2655 770 2717 sunt
812 2653 1082 2736 imperio
1129 2674 1205 2718 ac
1242 2652 1572 2738 dignitati,
1614 2674 1787 2735 nam,
1833 2654 1888 2717 si
1931 2653 2159 2738 impla·

248 2739 486 2805 cabiles
537 2740 908 2806 iracundiae
964 2744 1143 2826 sunt,
1202 2762 1453 2807 summa
1507 2745 1607 2807 est
1660 2741 2003 2825 acerbitas,
2056 2742 2164 2807 sin

247 2831 465 2892 autem
527 2829 910 2914 exorabiles,
965 2851 1217 2894 summa
1258 2830 1516 2915 levitas,
1570 2852 1734 2914 quae
1785 2833 2035 2914 tamen,
2086 2834 2162 2895 ut

160 2911 264 2959 14
244 2937 315 2979 ιιι
361 2916 566 3002 malis,
610 2918 944 2982 acerbitati
982 2918 1437 3003 anteponenda
1476 2922 1592 2984 est.
1665 2917 1808 3001 Sed,
1853 2919 2161 3003 quoniam

162 2977 490 3087 ⁴⁰primus
545 3028 756 3070 annus
812 3007 1044 3071 habuit
1096 3006 1176 3072 de
1227 3008 1351 3072 hac
1402 3006 1900 3092 reprehensione
1962 3008 2161 3091 pluri-

242 3113 424 3159 mum
459 3096 793 3180 sermonis,
839 3094 1028 3160 credo
1063 3100 1423 3187 propterea,
1459 3096 1633 3180 quod
1666 3096 1789 3160 tibi
1822 3095 2161 3162 hominum

386 3318 488 3402 ΕΡ.
542 3327 598 3385 1,
627 3327 713 3376 38.
784 3337 835 3377 v.
870 3325 909 3388 ’δ’
944 3337 1059 3377 non
1100 3324 1376 3379 interdum
1418 3324 1600 3378 minor
1644 3323 1860 3392 (MW.).
1951 3339 2002 3378 v.
2048 3338 2161 3377 non

242 3385 497 3442 minori.
538 3390 671 3457 (W.)
720 3394 903 3446 autv.
941 3393 980 3446 i.
1026 3409 1245 3447 nonm.
1286 3393 1506 3463 (Klotz.,
1543 3393 1641 3461 B..)
1734 3399 1819 3448 39.
1882 3411 1923 3449 a
1965 3393 2164 3449 litteris

245 3457 405 3522 atque
441 3459 511 3510 ab
546 3459 598 3513 h.
636 3461 786 3530 (W..)
861 3463 989 3530 aL,
1025 3463 1096 3518 ab
1131 3465 1184 3518 h.
1221 3463 1315 3532 M„
1355 3437 1541 3534 vulgo·
