2338 3691
229 112 354 176 112
799 112 876 166 Μ.
916 109 1163 165 TULLII
1199 106 1581 166 CICERONIS

223 259 431 323 fectus
493 256 703 341 prima
765 256 925 321 luce.
1034 254 1246 332 Quum
1307 276 1445 321 non
1507 256 1701 341 longe
1774 277 1815 320 a
1876 254 2150 322 Piraeeo

226 347 541 429 abessem,
595 366 754 429 puer
799 344 1057 410 Acidini
1104 344 1363 410 obviam
1409 344 1567 408 mihi
1622 344 1802 409 venit
1847 366 1992 409 cum
2039 366 2148 410 co-

226 435 483 518 dicillis,
526 435 596 498 in
642 434 873 518 quibus
920 436 1060 498 erat
1105 434 1416 517 scriptum
1460 434 1678 517 paullo
1727 437 1879 498 ante
1934 435 2151 498 lucem

223 523 601 588 Marcellum
648 523 816 587 diem
873 544 1062 587 suum
1117 522 1346 586 obisse.
1436 520 1540 586 Ita
1593 523 1690 585 vir
1749 522 2150 588 clarissimus

226 613 307 676 ab
344 612 604 677 homine
642 611 985 676 deterrimo
1024 610 1438 675 acerbissima
1473 614 1680 675 morte
1719 614 1818 675 est
1859 611 2151 696 affectuS,

225 704 316 784 et,
363 701 465 765 cui
510 700 752 764 inimici
809 703 1073 785 propter
1119 699 1503 785 dignitatem
1548 702 1996 784 pepercerant,
2042 701 2144 764 in-

224 793 454 855 ventus
511 792 612 854 est
675 789 917 853 amicus
926 838 945 873 ,
1008 789 1118 872 qui
1183 789 1242 853 ei
1296 791 1570 853 mortem
1631 788 1904 854 offerret.
1993 787 2147 875 Ego

224 883 443 942 tamen
498 877 580 943 ad
635 877 1127 942 tabernaculum
1179 877 1315 942 eius
1374 877 1650 962 perrexi:
1705 877 1924 942 inveni
1979 877 2149 943 duos

223 968 505 1032 libertos·
539 970 605 1031 et
648 967 959 1051 pauculos
1008 987 1254 1049 servos3
1299 966 1579 1049 reliquos
1618 965 1879 1031 aiebant
1923 965 2147 1051 profu-

225 1056 395 1141 gisse
440 1059 617 1120 metu
670 1055 1073 1139 perterritos,
1130 1054 1302 1139 quod
1359 1054 1655 1120 dominus
1711 1076 1932 1120 eorum
1987 1059 2148 1119 ante

223 1145 714 1209 tabernaculum
776 1143 1154 1208 interfectus
1221 1146 1405 1208 esset.
1524 1140 1800 1208 Coactus
1866 1165 2006 1208 sum
2072 1145 2147 1208 in
2258 1198 2268 1206 .

226 1234 446 1299 eadem
492 1234 606 1297 illa
647 1233 901 1318 lectica,
947 1254 1075 1317 qua
1117 1232 1258 1317 ipse
1303 1232 1553 1297 delatus
1600 1254 1802 1317 eram,
1856 1233 2145 1317 meisque

225 1323 564 1388 lecticariis
609 1322 679 1386 in
724 1323 949 1387 urbem
996 1342 1141 1385 eum
1188 1320 1443 1405 referre,
1488 1321 1703 1406 ibique
1749 1342 1867 1405 pro
1916 1342 1990 1385 ea
2038 1342 2142 1387 co-

224 1413 352 1497 pia,
398 1434 560 1497 quae
607 1410 885 1476 Athenis
932 1413 1096 1493 erat,
1139 1410 1338 1475 funus
1394 1409 1452 1473 ei
1508 1411 1664 1474 satis
1713 1411 1998 1494 amplum
2040 1410 2142 1475 fa-

226 1500 523 1566 ciendum
576 1500 810 1565 curavi.
910 1499 1015 1563 Ab
1069 1499 1603 1582 Atheniensibus,
1660 1500 1874 1569 locum
1930 1500 2141 1582 sepul-

224 1592 411 1653 turae
453 1590 627 1653 intra
670 1588 895 1653 urbem
940 1590 1015 1652 ut
1060 1588 1315 1671 darent,
1368 1588 1711 1672 impetrare
1756 1609 1892 1653 non
1938 1589 2143 1672 potui,

225 1677 398 1761 quod
434 1677 745 1762 religione
783 1697 849 1740 se
887 1676 1184 1761 impediri
1223 1676 1524 1759 dicerent,
1563 1697 1772 1761 neque
1816 1679 2036 1741 tamen
2074 1677 2140 1741 id

225 1769 419 1828 antea
465 1766 763 1850 cuiquam
817 1769 1293 1830 concesserant:
1350 1765 1522 1852 quod
1576 1766 1938 1851 proximum
1995 1766 2141 1852 fuit,

224 1855 321 1918 uti
347 1855 418 1918 in
447 1875 574 1938 quo
604 1856 910 1920 vellemus
941 1854 1279 1941 gymnasio
1310 1876 1456 1920 eum
1487 1856 1920 1941 sepeliremuS,
1947 1856 2139 1921 nobis

223 1944 672 2029 permiserunt.
778 1942 918 2009 Nos
980 1945 1051 2009 in
1114 1944 1515 2009 nobilissimo
1582 1944 1754 2009 orbis
1818 1947 2140 2010 terrarum

225 2033 562 2118 gymnasio
608 2031 995 2098 Academiae
1047 2034 1264 2098 locum
1318 2033 1670 2120 delegimus
1724 2033 1942 2117 ibique
1990 2056 2140 2098 eum

224 2121 691 2187 combussimus
745 2126 1097 2206 posteaque
1143 2121 1522 2206 curavimus,
1566 2125 1641 2187 ut
1684 2121 1890 2186 eidem
1936 2121 2137 2187 Athe-

223 2209 480 2274 nienses
515 2210 586 2275 in
627 2211 851 2276 eodem
884 2212 1028 2276 loco
1066 2214 1556 2275 monumentum
1602 2211 1659 2274 ei
1705 2232 2138 2276 marmoreum

223 2299 587 2364 faciendum
623 2300 929 2365 locarent.
1001 2292 1121 2383 Ita,
1158 2320 1323 2383 quae
1359 2303 1586 2364 nostra
1622 2298 1835 2364 officia
1868 2299 2140 2364 fuerunt

221 2408 341 2473 pro
380 2389 651 2475 collegio
689 2393 755 2453 et
789 2410 908 2472 pro
944 2388 1446 2472 propinquitate,
1491 2391 1557 2452 et
1591 2388 1737 2453 vivo
1776 2391 1842 2452 et
1876 2392 2137 2455 mortuo

224 2477 444 2542 omnia
470 2478 529 2542 ei
553 2477 1008 2562 praestitimus.
1068 2475 1250 2540 Vale.
1293 2475 1372 2540 D.
1392 2498 1486 2561 pr.
1505 2476 1648 2541 Kal.
1668 2475 1808 2541 Iun.
1837 2476 2138 2543 Athenis

1084 2670 1265 2735 XIII.

784 2780 899 2839 Sor.
938 2783 1148 2839 Romae
1187 2799 1237 2837 a.
1275 2800 1327 2837 u.
1359 2799 1405 2838 c.
1446 2788 1564 2838 708.

677 2906 752 2963 M.
791 2906 1049 2962 CICERO
1089 2906 1142 2962 S.
1181 2907 1245 2963 D.
1284 2907 1346 2963 P.
1384 2906 1668 2964 FIGULO.

354 3007 700 3085 Quaerenti
753 3007 914 3072 mihi
957 3008 1198 3074 iamdiu
1209 3017 1236 3093 ,‘
1281 3008 1433 3092 quid
1490 3008 1572 3073 ad
1615 3011 1680 3072 te
1726 3007 2138 3091 potissimum

222 3096 579 3165 scriberem.
626 3118 762 3162 non
797 3097 990 3162 modo
1038 3101 1214 3162 certa
1258 3118 1360 3162 res
1397 3098 1595 3182 nulla,
1641 3096 1751 3161 sed
1795 3118 1877 3161 ne
1925 3117 2136 3183 genus

362 3321 463 3391 Ep.
506 3326 596 3389 12,
636 3327 683 3374 3.
784 3323 948 3379 iidem
992 3326 1189 3380 Athen.
1249 3325 1499 3397 (vulgo)?
1555 3357 1621 3367 —
1676 3325 1822 3380 orbis
1858 3329 2135 3380 terrarum

223 3391 365 3459 (edd.
405 3392 581 3460 vett.).
674 3391 794 3446 orbi
829 3399 866 3447 t.
904 3395 1034 3449 ΜΒ.
1074 3428 1139 3438 —
1179 3396 1409 3463 fuerunt
1434 3413 1543 3467 pro
1581 3438 1628 3451 ..
1652 3438 1664 3451 .
1697 3397 2135 3467 propinquitate,

220 3467 270 3515 et
307 3462 458 3530 (W.).
529 3462 591 3529 fi,
620 3477 729 3530 pro
765 3502 778 3516 .
802 3503 815 3517 .
837 3503 850 3517 .
882 3468 1298 3537 propinquitate
1334 3473 1383 3523 et
1418 3468 1604 3539 vulgo.
