2338 3691
147 866 169 905 1

199 174 333 240 630
766 174 839 229 M.
880 172 1124 227 TULLII
1160 151 1540 229 cloERoms

1094 439 1213 505 III.

271 555 383 610 Ser.
441 555 649 609 Romae
706 568 895 607 mense
953 552 1186 608 Octobri
1230 555 1332 678 {go
1369 552 1421 608 d.
1480 552 1598 607 XII.
1654 553 1778 607 Kal.
1835 553 2044 621 Nov.‘?)

962 640 1010 678 a.
1051 642 1103 678 u.
1143 641 1189 678 c.
1337 666 1347 677 .

403 747 737 803 MARCUS
776 747 1088 818 QUINTO
1124 746 1460 817 FRATRI,
1484 746 1901 801 SALUTEM.

333 846 845 931 Occupationum
898 869 1188 912 mearum
1241 847 1362 912 tibi
1416 847 1674 931 signum
1729 847 1816 911 sit
1868 847 2113 911 librarii

201 958 460 1001 manus:
509 937 675 1001 diem
725 936 883 1001 seito
932 958 1069 1001 esse
1115 936 1383 1019 nullum,
1429 957 1557 1019 quo
1596 935 1697 999 die
1733 956 1869 1001 non
1907 936 2114 1000 dicam

199 1047 317 1110 pro
363 1046 499 1108 reo;
546 1025 666 1108 ita,
720 1024 1028 1110 quidquid
1085 1025 1353 1090 conficio
1411 1027 1525 1088 aut
1570 1024 1814 1109 cogito,
1867 1025 1938 1089 in
1986 1047 2113 1089 am-

198 1114 551 1180 bulationis
596 1117 850 1198 tempus
894 1113 1029 1178 fere
1076 1113 1357 1179 confero.
1446 1111 1732 1197 Negotia
1776 1134 1844 1177 se
1891 1117 2114 1178 nostra

203 1204 293 1269 sic
356 1204 625 1268 habent:
699 1202 1050 1267 domestica
1111 1224 1291 1286 vero,
1365 1206 1436 1266 ut
1497 1202 1826 1266 volumus:
1896 1202 2116 1266 valent

202 1292 403 1377 pueri,
448 1291 731 1357 studiose
779 1291 1050 1373 diseunt,
1096 1291 1438 1376 diligenter
1483 1290 1822 1375 docentur,
1875 1293 1942 1355 et
1994 1312 2114 1355 nos

202 1384 269 1445 et
313 1382 482 1446 inter
527 1401 594 1446 se
647 1383 883 1445 amant.
964 1378 1412 1463 Expolitiones
1452 1379 1783 1462 utriusque
1819 1384 2115 1445 nostrum

204 1474 356 1535 sunt
400 1470 470 1533 in
514 1468 839 1534 manibus:
894 1469 936 1544 †
983 1469 1093 1533 sed
1138 1473 1254 1533 tua
1308 1468 1389 1532 ad
1433 1468 1790 1552 perfectum
1835 1468 1966 1533 iam
2012 1490 2113 1532 res

202 1559 443 1622 rustica
496 1556 739 1622 Arcani
794 1560 861 1621 et
912 1556 1169 1621 Laterii.
1261 1555 1601 1621 Praeterea
1655 1556 1731 1620 de
1788 1578 1983 1641 aqua,
2038 1557 2113 1621 de

202 1648 307 1711 via
368 1647 532 1711 nihil
594 1646 994 1731 praetermisi
1058 1645 1336 1730 quadam
1400 1645 1675 1729 epistola
1742 1646 1900 1729 quin
1963 1667 2112 1710 enu-

203 1736 404 1800 cleate
451 1735 532 1799 ad
578 1739 643 1799 te
688 1734 1162 1819 perscriberem.
1256 1732 1379 1798 Sed
1425 1756 1529 1797 me
1582 1734 1694 1798 illa
1742 1755 1896 1798 cura
1944 1736 2111 1799 solli·

204 1824 362 1889 citat
390 1823 699 1909 angitque
727 1823 1155 1907 vehementer,
1197 1822 1368 1907 quod
1397 1822 1643 1887 dierum
1679 1822 1810 1887 iam
1839 1824 2113 1909 amplius

204 1913 677 1997 quinquaginta
721 1913 1061 1977 intervallo
1107 1911 1272 1976 nihil
1320 1933 1358 1975 a
1400 1915 1484 1994 te,
1529 1912 1692 1976 nihil
1738 1934 1777 1975 a
1823 1910 2114 1996 Caesare,

204 2000 367 2064 nihil
422 2021 500 2064 ex
553 1999 694 2065 istis
756 2000 915 2065 locis
978 2023 1115 2065 non
1167 2001 1360 2066 modo
1416 2001 1803 2085 litterarum,
1866 2002 1978 2066 sed
2034 2023 2114 2066 ne

203 2089 477 2153 rumoris
533 2088 790 2172 quidem
853 2089 1129 2171 affluxit3
1193 2110 1294 2153 me
1349 2092 1565 2153 autem
1626 2090 1756 2153 iam
1819 2092 1885 2154 et
1941 2112 2114 2155 mare

202 2177 370 2242 istuc
434 2180 500 2242 et
557 2181 728 2241 terra
793 2177 1123 2261 sollicitat,
1187 2198 1395 2262 neque
1459 2177 1709 2262 desino,
1772 2181 1846 2241 ut
1909 2178 1984 2243 fit
2046 2181 2115 2242 in

204 2287 441 2351 amore,
486 2288 580 2349 ea,
624 2287 786 2350 quae
831 2266 1093 2330 minime
1136 2266 1303 2348 vo10,
1348 2266 1650 2350 cogitare.
1723 2264 1934 2341 Quare
1979 2288 2117 2331 non

204 2354 499 2438 equidem
551 2355 681 2418 iam
734 2358 799 2418 te
843 2375 1004 2439 rogo
1014 2405 1032 2438 ,
1085 2357 1160 2418 ut
1223 2354 1305 2418 ad
1358 2375 1461 2419 me
1514 2354 1592 2419 de
1646 2359 1737 2437 te,
1790 2354 1867 2418 de
1922 2356 2114 2420 rebus

202 2442 346 2507 istis
393 2443 635 2507 scribas
683 2478 767 2509 —.
813 2464 1164 2527 numquam
1207 2443 1397 2526 enim,
1442 2464 1636 2527 quum
1684 2446 1887 2527 poteS,
1931 2465 2115 2528 prae·

202 2531 507 2595 termittis
554 2566 666 2615 —‚
721 2531 831 2595 sed
885 2531 1009 2596 hoc
1053 2534 1119 2595 te
1163 2537 1323 2595 scire
1372 2531 1543 2615 volo,
1588 2530 1752 2595 nihil
1795 2531 1929 2595 fere
1977 2554 2115 2596 um·

205 2640 399 2704 quam
434 2640 537 2683 me
575 2618 662 2683 sic
702 2622 1121 2704 exspectasse,
1172 2621 1256 2702 ut,
1303 2640 1500 2702 quum
1533 2618 1695 2684 haec
1738 2619 2117 2706 scribebam,

151 2731 177 2770 ε
205 2712 352 2773 tuas
397 2708 663 2772 litteras,
752 2706 945 2772 Nunc
999 2727 1315 2792 cognosce
1362 2729 1464 2791 ea,
1523 2729 1685 2792 quae
1733 2711 1886 2772 sunt
1928 2708 1999 2773 in
2043 2731 2115 2774 re

203 2797 486 2881 publica:
547 2796 952 2861 comitiorum
999 2795 1285 2880 quotidie
1330 2796 1571 2881 singuli
1615 2796 1749 2860 dies
1794 2797 2117 2862 tolluntur

205 2883 808 2950 obnuntiationibus
880 2904 1119 2969 magna
1190 2884 1526 2949 voluntate
1595 2884 1914 2950 bonorum
1980 2908 2114 2950 om-

203 2974 409 3038 nium:
453 2975 640 3036 tanta
683 2971 925 3036 invidia
971 2975 1124 3037 sunt
1167 2973 1463 3037 consules
1507 2976 1772 3057 propter
1807 2974 2112 3058 suspicio·

203 3082 352 3126 nem
395 3063 733 3145 pactorum
771 3082 810 3124 a
847 3060 1203 3124 candidatis
1247 3061 1697 3145 praemiorum.
1770 3058 2112 3127 Candidati

256 3300 266 3311 ·
344 3233 447 3301 Ep.
477 3240 528 3299 3,
562 3241 605 3288 1.
660 3235 885 3290 habent.-
921 3236 1210 3290 domestica
1246 3235 1398 3305 (W.).
1470 3237 1540 3301 h„
1577 3236 1629 3291 d.
1668 3236 1854 3307 vulgo.
1894 3267 1959 3277 -
1999 3254 2108 3291 ηια-

202 3300 383 3363 mbus,
419 3307 518 3356 tua
544 3305 792 3371 perfecta
826 3307 939 3359 iam
975 3321 1059 3360 res
1094 3323 1139 3359 r.
1169 3306 1241 3359 A.
1271 3311 1323 3360 et
1358 3306 1589 3362 Laterii.
1649 3306 1748 3361 Pr.
1779 3307 1950 3376 (W.)‘?
2022 3309 2110 3361 An

202 3382 291 3430 mv
326 3372 426 3422 tua
452 3387 630 3437 paene
658 3375 917 3440 perfecta.
974 3376 1104 3431 Iam
1139 3392 1225 3431 res
1251 3378 1488 3432 rusticas
1515 3378 1586 3431 A.
1623 3382 1676 3432 et
1701 3375 1789 3443 L„
1806 3393 1899 3445 pr.
1938 3377 2109 3445 (W.)?

204 3462 270 3471 -
300 3451 447 3503 aqua
481 3444 533 3492 et
566 3442 632 3494 de
666 3444 760 3498 via
789 3444 960 3513 (Or.)‘?
1000 3476 1063 3485 —
1094 3448 1443 3515 praetermisi
1477 3465 1525 3517 q.
1555 3447 1744 3516 MRI„
1773 3447 1958 3518 vulgo.
2018 3464 2105 3518 pr.

202 3501 263 3551 in
299 3518 347 3557 α.
385 3505 447 3558 Β.
