2338 3691
676 116 1195 184 EPISTOLARUM
1231 128 1299 183 x:
1339 134 1565 184 28-30.
1952 128 2081 193 333

159 275 374 340 facere
418 294 539 340 nec
582 274 890 340 desistam
944 277 1014 339 et
1063 275 1195 339 iam
1248 275 1323 338 in
1375 273 1657 339 maxima
1708 295 1780 339 re
1838 273 1963 339 feci
2016 277 2082 339 et

160 363 588 430 fundamenta
631 364 753 429 ieci
798 363 1024 428 salutis
1070 367 1241 428 tuae.
1332 362 1432 428 Tu
1490 363 1595 428 fac
1639 362 1814 428 bono
1862 363 2079 428 animo

161 472 530 537 magnoque
585 452 672 518 sis
725 473 956 535 meque
1001 452 1122 516 tibi
1177 452 1360 517 nulla
1404 473 1472 517 re
1527 452 1897 518 defuturum
1942 473 2081 517 esse

162 540 470 607 confidas.
556 539 770 606 Pridie
814 539 1042 607 Nonas
1090 539 1462 617 Quinctiles·

326 786 329 789 -
1012 735 1221 802 XXX.

164 847 280 903 Scr.
308 847 370 903 in
398 848 597 904 castris
627 849 699 904 ad
727 849 1006 904 Mutinam
1033 864 1083 902 a.
1114 849 1166 902 d.
1197 848 1345 903 XVI.
1373 848 1498 903 Kal.
1527 848 1708 903 Maias
1737 865 1787 903 a.
1807 867 1861 903 u.
1890 865 1936 903 c.
1962 854 2079 903 711.

716 971 960 1028 GALBA
997 971 1342 1028 CICERONI
1384 973 1534 1028 SAL.

299 1071 379 1136 A.
416 1072 475 1137 d.
521 1087 695 1134 xvu.
739 1073 883 1138 Kal.
921 1073 1147 1158 Maiae,
1193 1094 1321 1158 quo
1359 1073 1461 1138 die
1496 1072 1712 1138 Pansa
1745 1073 1815 1136 in
1853 1073 2082 1138 castris

163 1161 369 1226 Hirtii
415 1166 555 1227 erat
596 1161 879 1247 futurus,
918 1185 1064 1228 cum
1111 1184 1238 1246 quo
1285 1183 1408 1248 ego
1464 1183 1642 1227 eram
1688 1198 1771 1208 —-
1817 1183 1971 1227 nam
2024 1162 2086 1226 ei

165 1251 427 1316 obviam
488 1271 926 1336 processeram
990 1251 1168 1316 milia
1230 1272 1539 1335 passuum
1602 1253 1892 1334 centum,
1956 1272 2084 1334 quo

166 1340 483 1405 maturius
529 1339 779 1405 veniret
803 1378 911 1424 —-,
955 1339 1286 1406 Antonius
1326 1340 1616 1426 legiones
1653 1339 1873 1404 eduxit
1908 1339 2086 1423 duas,

168 1429 520 1494 secundam
565 1433 633 1494 et
675 1430 972 1513 quintam
1014 1429 1424 1513 tricesimam,
1469 1432 1535 1494 et
1572 1428 1869 1497 cohortes
1905 1450 2084 1513 prae-

165 1518 372 1583 torias
418 1517 596 1601 duae,
641 1540 839 1583 unam
876 1539 1079 1602 suam,
1125 1519 1397 1583 alteram
1433 1515 1655 1601 Silani,
1700 1523 1759 1582 et
1792 1521 2084 1584 evocato·

166 1629 315 1672 rum
341 1610 617 1691 partem:
661 1608 757 1672 ita
794 1607 1052 1674 obviam
1087 1608 1267 1671 venit
1301 1607 1510 1691 nobie,
1546 1606 1720 1691 quod
1754 1628 1875 1673 nos
1905 1609 2084 1690 quat-

168 1699 321 1761 tuor
372 1697 662 1782 legiones
715 1697 1003 1762 tironum
1064 1696 1303 1762 habere
1335 1697 1568 1762 solum
1627 1695 2085 1778 arbitrabatur3

171 1784 284 1851 sed
309 1788 562 1869 ·noctu,
627 1807 752 1870 quo
812 1786 1016 1851 tutius
1070 1786 1288 1852 venire
1343 1786 1414 1850 in
1468 1787 1681 1851 castra
1733 1806 2087 1870 possemuS,

170 1875 496 1959 legionem
521 1874 845 1959 Martiam,
880 1876 984 1956 cui
1013 1897 1133 1961 ego
1166 1895 1463 1960 praeesse
1492 1875 1797 1959 solebam,
1835 1878 1901 1939 et
1928 1874 2087 1939 duas

173 1963 472 2029 cohortes
528 1965 884 2049 praetorias
940 1965 1205 2029 miserat
1258 1964 1511 2029 Hirtius
1570 1964 1777 2030 nobis.
1877 1962 2089 2039 Quum

173 2054 422 2137 equites
467 2053 742 2120 Antonii
789 2054 1258 2138 apparuissent,
1304 2053 1621 2119 contineri
1665 2074 1873 2136 neque
1916 2052 2087 2138 legio

171 2140 413 2207 Martia
457 2157 673 2226 neque
730 2142 1027 2208 cohortes
1081 2142 1442 2227 praetoriae
1496 2145 1874 2228 potuerunt3
1930 2163 2089 2225 quas

174 2232 357 2315 sequi
411 2232 738 2316 coepimus
801 2232 1034 2315 coacti,
1093 2231 1400 2316 quoniam
1461 2232 1737 2297 retinere
1791 2252 1899 2295 eas
1953 2252 2091 2296 non

140 2318 608 2404 potueramus.
708 2318 1033 2386 Antonius
1097 2321 1180 2385 ad
1242 2319 1484 2386 Forum
1546 2318 1877 2385 Gallorum
1940 2341 2088 2383 suas

175 2409 396 2493 copias
449 2409 828 2474 continebat
886 2431 1094 2493 neque
1159 2409 1307 2473 sciri
1362 2409 1621 2474 volebat
1675 2429 1744 2472 se
1799 2408 2088 2494 legiones

172 2498 439 2563 habere:
467 2502 724 2563 tantum
751 2499 1110 2583 equitatum
1138 2501 1205 2562 et
1230 2499 1438 2563 levem
1464 2501 1857 2563 armaturam
1877 2501 2088 2563 osten-

175 2587 388 2652 debat.
490 2586 921 2671 Posteaquam
985 2587 1147 2652 vidit
1211 2608 1279 2651 se
1341 2587 1546 2653 invito
1610 2587 1934 2672 legionem
1996 2587 2088 2650 ire

173 2675 409 2762 Pansa,
437 2677 618 2760 sequi
647 2697 713 2741 se
743 2673 903 2742 duas
930 2677 1221 2762 legiones
1249 2675 1437 2740 iussit
1462 2676 1765 2742 tironum.
1827 2674 2089 2740 Postea-

176 2788 372 2850 quam
401 2766 737 2851 angustias
764 2766 1019 2851 paludis
1057 2769 1122 2830 et
1158 2765 1467 2830 silvarum
1491 2764 1885 2849 transiimus,
1921 2763 2089 2829 acies

175 2859 278 2919 est
322 2855 642 2919 instructa
695 2876 735 2919 a
778 2854 967 2919 nobis
1023 2868 1147 2915 XII.
1196 2854 1585 2938 cohortium3
1642 2853 1933 2918 nondum
1986 2873 2090 2917 ve·
2128 2903 2139 2917 .

174 2948 412 3008 nerant
463 2944 753 3029 legiones
810 2944 997 3008 duae:
1062 2946 1326 3027 repente
1380 2942 1708 3031 Antonius
1762 2942 1834 3005 in
1888 2942 2091 3006 aciem

177 3055 327 3097 suas
367 3033 586 3118 copias
624 3032 701 3097 de
739 3032 879 3097 vico
918 3032 1223 3117 produxit
1259 3034 1325 3097 et
1360 3032 1497 3096 sine
1534 3053 1717 3097 mora
1753 3031 2092 3095 concurrit.

173 3121 394 3188 Primo
441 3122 536 3186 ita
581 3124 943 3207 pugnatum
989 3124 1112 3206 est,
1166 3124 1242 3185 ut
1295 3121 1504 3186 acrius
1557 3141 1694 3187 non
1738 3122 1959 3203 posset
2014 3142 2093 3184 ex

318 3350 423 3419 Ep.
462 3356 546 3405 29.
620 3351 726 3406 tibi
758 3350 919 3406 nulla
953 3366 1012 3406 re
1049 3351 1161 3419 (M.,
1199 3350 1407 3419 vulgo).
1480 3354 1518 3403 t.
1557 3349 1622 3403 in
1655 3365 1711 3402 n.
1750 3365 1808 3403 re
1844 3348 1904 3401 B.
1971 3346 2088 3415 Ep.

175 3428 273 3487 303
316 3429 360 3475 1.
435 3438 533 3476 sec.
582 3426 633 3476 et
685 3423 934 3493 quintam
986 3426 1037 3476 et
1081 3422 1409 3476 tricesimam
1460 3419 1758 3488 (Graev.)?‘
1838 3417 1927 3471 An
1962 3432 2005 3470 ε.
2042 3420 2093 3469 et

180 3492 449 3549 XXXV.
489 3493 659 3561 (W.)‘3
732 3501 781 3549 3.
837 3495 995 3561 duae,
1031 3509 1201 3564 quum
1235 3495 1451 3562 repeme
1487 3490 1719 3558 (Man.)?
