2338 3691
157 135 202 191 4
734 131 806 184 M.
838 129 1084 185 TULLII
1122 128 1502 184 CICERONIS

157 277 309 339 ante
331 295 398 338 se
419 276 718 356 'oportere
747 273 1197 339 discessionem
1225 274 1431 341 facere
1460 296 1652 359 quam
1670 277 2067 342 consulares.

156 364 293 428 eius
350 361 628 427 orationi
681 360 1092 426 vehementer
1155 362 1238 426 ab
1296 362 1593 428 omnibus
1649 363 2067 430 reclamatum
2143 386 2146 389 ·

156 455 281 535 est,
335 454 475 515 erat
528 451 699 515 enim
747 454 812 515 et
863 450 1087 535 iniqua
1142 454 1208 515 et
1259 473 1454 535 nova3
1510 453 1805 517 consules
1859 475 2067 538 neque

155 539 596 605 concedebant
652 561 859 624 neque
913 538 1099 604 valde
1153 539 1631 625 repugnabant,
1694 541 1864 606 diem
1917 564 2065 607 con-

156 630 322 693 sumi
349 628 656 694 volebant
673 665 757 675 —
777 628 844 692 id
873 628 1045 712 quod
1069 631 1169 692 est
1194 628 1440 692 factum
1462 665 1564 712 —,
1591 630 2068 713 perspiciebant

155 718 327 781 enim
371 718 443 781 in
486 715 820 781 Hortensii
849 717 1237 781 sententiam
1265 717 1485 781 multis
1529 718 1822 802 partibus
1848 720 2066 804 plures

153 806 390 891 ituros,
462 826 851 890 quamquam
915 809 1133 889 aperte
1208 805 1507 870 Volcatio
1573 807 2066 892 assentirentur3

92 894 95 897 ’
152 894 342 960 multi
394 894 821 980 rogabantur,
874 898 1065 978 atque
1119 893 1186 958 id
1239 894 1452 977 ipsum
1507 895 1876 961 consulibus
1931 917 2066 962 non

152 983 398 1067 invitis,
444 1004 598 1048 nam
644 983 702 1047 ei
746 982 963 1047 Bibuli
1010 984 1399 1047 sententiam
1456 983 1666 1047 valere
1713 985 2063 1069 cupierant.

153 1070 296 1137 Hac
349 1072 787 1138 controversia
840 1092 1042 1155 usque
1103 1071 1186 1135 ad
1239 1074 1496 1136 noctem
1552 1071 1745 1136 ducta
1804 1077 2063 1138 senatus

153 1160 452 1226 dimissus
515 1164 629 1226 est.
727 1159 874 1245 Ego
931 1181 1006 1225 eo
1070 1160 1172 1224 die
1236 1180 1390 1223 casu
1452 1158 1623 1244 apud
1687 1159 2060 1245 Pompeium

153 1250 418 1315 coenavi
444 1253 800 1332 nactusque
827 1251 1082 1332 tempus
1117 1248 1243 1312 hoc
1283 1248 1492 1332 magis
1528 1247 1832 1313 idoneum
1871 1272 2063 1334 quam

150 1361 457 1423 umquam
503 1341 720 1422 antea,
784 1336 956 1421 quod
1000 1339 1151 1420 post
1193 1339 1379 1400 tuum
1424 1336 1774 1402 discessum
1826 1339 1882 1402 is
1928 1339 2062 1403 dies

149 1427 643 1492 honestissimus
686 1425 877 1493 nobis
922 1425 1136 1490 fuerat
1179 1425 1249 1489 in
1295 1428 1548 1510 senatu,
1590 1426 1684 1489 ita
1730 1448 1873 1491 sum
1917 1448 2060 1492 cum

150 1516 263 1580 illo
316 1518 597 1599 locutuS,
654 1518 730 1579 ut
786 1513 944 1578 mihi
998 1513 1249 1578 viderer
1302 1513 1589 1578 animum
1641 1514 1922 1580 hominis
1979 1516 2061 1580 ab

152 1604 331 1667 omni
376 1604 503 1668 alia
549 1603 942 1688 cogitatione
989 1602 1072 1666 ad
1116 1605 1297 1667 tuam
1326 1601 1708 1687 dignitatem
1754 1602 2058 1666 tuendam

150 1691 508 1756 traducere:
574 1712 763 1775 quem
821 1712 943 1776 ego
998 1691 1212 1775 ipsum
1267 1712 1463 1774 quum
1518 1690 1732 1773 audi0,
1795 1711 2058 1773 prorsus

152 1801 298 1844 eum
324 1780 526 1845 libero
556 1779 732 1845 omni
769 1779 1131 1864 suspicione
1161 1778 1556 1864 cupiditatis3
1602 1800 1795 1863 quum
1844 1782 2061 1844 autem

151 1869 287 1934 eius
331 1869 680 1933 familiares
727 1869 1013 1934 omnium
1042 1868 1341 1933 ordinum
1368 1867 1571 1951 video,
1613 1867 1951 1953 perspicio,
1996 1869 2061 1933 id

128 1958 324 2043 quod
367 1959 499 2022 iam
545 1956 841 2022 omnibus
895 1960 995 2021 est
1039 1961 1360 2042 apertum,
1414 1958 1620 2021 totam
1673 1978 1810 2021 rem
1869 1957 2062 2022 istam

150 2047 280 2111 iam
315 2046 563 2132 pridem
600 2069 639 2110 a
676 2046 865 2110 certis
900 2045 1272 2111 hominibus
1318 2067 1453 2110 non
1487 2044 1693 2109 invito
1729 2052 1882 2131 reg'e
1918 2046 2060 2131 ipso

153 2135 656 2218 consiliariisque
721 2135 857 2200 eius
922 2156 1058 2199 esse
1115 2137 1501 2218 corruptam.
1591 2131 1770 2197 Haec
1835 2135 2061 2219 scripsi

151 2247 207 2288 a.
237 2223 295 2288 d.
323 2223 500 2288 XVI.
527 2223 671 2287 Kal.
697 2221 1083 2288 Februarias
1129 2225 1282 2287 ante
1327 2223 1560 2287 lucem:
1607 2243 1683 2286 eo
1731 2222 1832 2286 die
1881 2245 2062 2287 sena-

149 2317 254 2377 tus
313 2315 451 2377 erat
503 2312 778 2377 futurus
876 2310 1015 2376 Nos
1069 2312 1141 2376 in
1206 2315 1459 2394 senatu,
1526 2310 2061 2394 quemadmodum

150 2423 356 2486 spero,
400 2401 785 2486 dignitatem
810 2403 1119 2485 nostram,
1162 2403 1239 2464 ut
1270 2402 1488 2483 potest
1529 2399 1599 2462 in
1626 2401 1812 2462 tanta
1855 2399 2063 2464 homi-

148 2512 306 2555 num
350 2490 618 2575 perfidia
647 2492 712 2554 et
736 2489 1096 2573 iniquitate,
1140 2488 1584 2570 retinebimus3
1630 2487 1803 2571 quod
1838 2487 1920 2552 ad
1948 2510 2063 2572 po-

148 2580 439 2664 pularem
482 2579 801 2644 rationem
847 2578 1108 2661 attinet,
1150 2576 1277 2641 hoc
1320 2576 1611 2641 videmur
1656 2597 1794 2640 esse
1842 2597 2063 2641 conse-

150 2668 300 2752 cuti,
344 2670 420 2732 ut
462 2689 545 2731 ne
592 2667 745 2751 quid
791 2666 899 2751 agi
945 2687 1091 2730 cum
1116 2665 1357 2749 populo
1388 2668 1503 2729 aut
1529 2664 1720 2729 salvis
1760 2664 2064 2749 auspiciis

151 2759 265 2821 aut
319 2756 512 2821 salvis
567 2753 819 2839 legibus
866 2756 980 2818 aut
1025 2753 1298 2837 denique
1345 2754 1481 2818 sine
1528 2752 1592 2818 vi
1636 2757 1873 2837 posset.
1960 2751 2065 2818 De

148 2845 252 2909 his
297 2845 488 2909 rebus
533 2843 757 2928 pridie,
803 2863 996 2926 quam
1039 2842 1201 2906 haec
1247 2842 1491 2926 scripsi,
1536 2844 1799 2906 senatus
1845 2845 2066 2906 aucto·

150 2934 310 2997 ritas
355 2932 735 3017 gravissima
777 2931 1165 3014 intercessit,
1222 2930 1324 2995 cui
1373 2952 1570 3015 quum
1617 2925 1779 2995 Cato
1834 2933 1900 2994 et
1943 2926 2065 2995 Ca-

150 3021 369 3085 ninius
413 3020 943 3103 intercessissent,
986 3022 1208 3084 tamen
1245 3022 1344 3083 est
1378 3017 1759 3102 perscripta3
1806 3040 1948 3082 eam
1979 3019 2066 3083 ad

151 3114 217 3174 te
262 3110 525 3175 missam
569 3131 707 3175 esse
755 3108 1055 3173 arbitror:
1103 3108 1182 3173 de
1228 3108 1453 3173 ceteris
1499 3106 1708 3191 rebuS,
1755 3107 2065 3191 quidquid

291 3312 392 3382 Ep.
433 3320 481 3382 2,
520 3320 570 3368 2.
627 3316 936 3370 consulares
972 3316 1240 3385 (Krause).
1296 3316 1537 3370 consules
1573 3316 1664 3385 M„
1703 3299 1889 3386 vulg‘o.
1937 3332 2063 3371 con·

150 3382 362 3436 sulibus
396 3400 510 3438 non
544 3386 737 3439 invitis
774 3386 924 3454 <W.).
988 3402 1128 3440 cone.
1167 3387 1280 3441 inv.
1318 3386 1393 3452 M,
1433 3403 1621 3441 omnes
1659 3387 1783 3440 edd.
1826 3418 1890 3426 —
1927 3404 2064 3442 nam

150 3453 199 3506 ii
233 3452 377 3521 (edd.
416 3456 612 3522 vett.)?
652 3485 716 3494 -
757 3457 1040 3511 cubierant
1078 3458 1171 3513 (W
1174 3459 1225 3524 .).
1291 3458 1577 3512 cubierunt
1614 3457 1740 3510 ΜΒ.
