2338 3691
700 130 1222 188 EPISTOLARUM
1255 125 1408 187 XVI.
1451 137 1642 189 8—10.
1990 133 2119 198 539

201 276 367 340 mihi
422 298 461 341 a
513 279 580 341 te
635 277 1217 361 exspectatissimas
1280 276 1532 341 litteras
1595 277 1872 342 reddidit
1934 277 2118 348 datas

201 364 427 429 Idibus
471 364 536 429 N
539 388 656 449 ov„
701 387 864 450 quae
909 388 1011 430 me
1058 366 1355 431 molestia
1397 366 1583 431 valde
1627 366 1950 449 levarunt,
1993 367 2117 430 uti·

201 474 360 517 nam
403 454 670 519 omnino
714 454 1122 519 liberassent!
1171 454 1284 519 sed
1327 457 1548 519 tamen
1594 452 1876 538 Asclapo
1921 455 2117 518 medi·

203 562 320 605 cus
382 542 576 626 plane
635 542 975 607 confirmat
1027 542 1400 627 propediem
1461 546 1528 607 te
1584 543 1907 607 valentem
1958 543 2117 607 fore.

202 628 399 694 Nunc
463 630 618 714 quid
680 652 801 716 ego
856 634 922 694 te
975 631 1224 713 horter,
1286 634 1361 695 ut
1405 652 1663 696 omnem
1716 631 2118 716 diligentiam
2154 648 2187 698 3

205 718 515 783 adhibeas
588 719 671 783 ad
741 719 1359 785 convalescendum?
1438 722 1621 785 tuam
1689 719 2119 821 prudentiam,

203 808 729 892 temperantiam,
783 830 1067 873 amorem
1113 829 1269 894 erga
1313 829 1417 872 me
1460 809 1642 891 novi3
1696 808 1826 873 scio
1871 812 1937 873 te
1984 830 2116 873 om-

206 896 319 959 nia
361 895 712 979 facturum,
763 900 838 961 ut
880 896 1218 962 nobiscum
1275 917 1467 980 quam
1509 897 1790 981 primum
1836 896 1949 979 sis3
2005 896 2117 961 sed

205 987 428 1050 tamen
462 984 556 1048 ita
591 947 801 1069 velim,
835 989 911 1049 ut
944 1006 1027 1048 ne
1066 985 1221 1070 quid
1257 1006 1579 1069 properes,
1653 984 2117 1069 Symphoniam

208 1071 484 1156 Lysonis
529 1074 758 1137 vellem
803 1074 1092 1157 vitasseS,
1135 1095 1220 1138 ne
1264 1074 1335 1137 in
1372 1076 1672 1157 quartam
1713 1072 2117 1137 hebdomada

207 1159 547 1244 incideres3
593 1162 721 1244 sed,
767 1162 1072 1246 quoniam
1106 1161 1340 1247 pudori
1378 1165 1493 1226 tuo
1529 1162 1815 1226 maluisti
1852 1161 2117 1245 obsequi

210 1270 404 1332 quam
447 1250 826 1333 valetudini,
870 1251 1117 1334 reliqua
1160 1272 1332 1315 cura.
1423 1247 1617 1315 Curio
1662 1250 1827 1333 misi,
1870 1252 1946 1314 ut
1988 1270 2117 1313 me-

209 1338 351 1403 dico
388 1337 599 1403 honos
633 1338 979 1403 haberetur
1015 1343 1080 1403 et
1112 1338 1235 1403 tibi
1272 1339 1473 1421 daret,
1517 1337 1690 1422 quod
1726 1360 1889 1422 opus
1926 1341 2118 1420 esset3

208 1447 330 1510 me,
393 1427 497 1491 cui
559 1426 879 1511 iussisset,
941 1431 1331 1492 curaturum.
1428 1425 1689 1511 Equum
1744 1431 1812 1491 et
1871 1426 2119 1490 mulum

209 1513 539 1579 Brundisii
581 1515 702 1579 tibi
746 1516 993 1600 reliqui.
1063 1515 1308 1580 Romae
1353 1537 1578 1580 vereor
1621 1537 1704 1580 ne
1750 1532 1840 1579 ex·
1863 1513 1944 1579 K.
1980 1513 2118 1579 Ian.

209 1604 431 1688 magni
483 1605 799 1668 tumultus
853 1604 1009 1668 sint:
1070 1626 1193 1669 nos
1258 1624 1523 1689 agemus
1583 1604 1801 1668 omnia
1852 1602 2118 1667 modice.

210 1691 553 1776 Reliquum
598 1696 722 1776 est,
766 1696 840 1756 ut
882 1696 948 1756 te
991 1692 1117 1757 hoc
1161 1714 1387 1776 rogem
1431 1696 1497 1757 et
1542 1713 1581 1756 a
1623 1696 1689 1756 te
1733 1694 1979 1776 petam,
2034 1713 2117 1756 ne
2155 1706 2191 1757 4

211 1785 449 1844 temere
492 1781 760 1867 naviges
797 1818 882 1827 —
923 1781 1135 1845 solent
1179 1785 1415 1845 nautae
1460 1781 1767 1845 festinare
1816 1783 2118 1866 quaestus

212 1869 312 1932 sui
358 1891 552 1934 causa
579 1907 684 1954 -,
730 1874 956 1936 cautus
1003 1871 1110 1954 sis,
1153 1871 1244 1935 mi
1290 1871 1441 1935 Tiro
1475 1907 1557 1916 -—
1585 1891 1763 1934 mare
1810 1885 2155 1955 magnum‘

213 1961 280 2022 et
323 1957 580 2023 difficile
624 1959 750 2022 tibi
792 1962 997 2024 restat
1042 1995 1157 2043 -,
1212 1959 1267 2023 si
1310 1959 1571 2043 poteris,
1618 1980 1763 2023 cum
1807 1958 2118 2023 Mescinio

213 2082 298 2093 -—
344 2050 528 2112 caute
580 2047 637 2112 is
692 2048 858 2113 solet
909 2048 1217 2132 navigare
1263 2084 1377 2132 -—,
1413 2049 1488 2112 si
1531 2048 1771 2131 minus,
1817 2069 1963 2111 cum
2005 2047 2118 2111 ho-

213 2137 399 2199 nesto
447 2135 661 2220 aliquo
704 2136 994 2220 homine,
1040 2136 1220 2200 cuius
1267 2137 1648 2201 auctoritate
1688 2136 2120 2200 navicularius

215 2225 566 2288 moveatur.
636 2223 717 2287 In
757 2225 882 2289 hoc
929 2245 1187 2289 omnem
1223 2225 1625 2310 diligentiam
1663 2225 1719 2288 si
1755 2223 2119 2288 adhibueris

214 2313 406 2394 teque
449 2311 638 2376 nobis
683 2312 1068 2378 incolumem
1114 2313 1373 2397 stiteriS,
1418 2314 1636 2378 omnia
1668 2335 1715 2376 -a
1749 2315 1815 2376 te
1850 2311 2121 2376 habeb0.

213 2398 433 2464 Etiam
479 2403 671 2484 atque
716 2402 928 2486 etiam,
971 2405 1195 2467 noster
1240 2401 1410 2485 Tiro,
1452 2401 1614 2465 vale.
1685 2400 1955 2484 Medico,
1999 2397 2121 2465 Ou-

213 2487 336 2571 ri0,
391 2487 634 2574 Lysoni
697 2489 775 2555 de
838 2493 904 2555 te
959 2491 1187 2574 scripsi
1240 2489 1746 2576 diligentissime.
1845 2488 2011 2555 Vale
2066 2492 2128 2554 et

217 2577 404 2642 salve.

1125 2771 1204 2838 X.

560 2883 674 2940 Ser.
712 2885 773 2939 in
809 2883 1055 2940 Cumano
1091 2903 1164 2940 m
1203 2884 1354 2940 Maio
1392 2901 1442 2941 a.
1480 2903 1532 2940 u.
1572 2900 1617 2939 c.
1658 2889 1775 2940 ⁷00.

771 3008 1080 3065 TULLIUS
1120 3009 1376 3064 TIRONI
1415 3007 1565 3063 SAL.

346 3107 493 3196 Ego
520 3131 672 3175 vero
703 3109 890 3194 cupio
918 3112 984 3174 te
1013 3110 1093 3174 ad
1130 3130 1233 3174 me
1269 3109 1507 3192 venire,
1547 3108 1657 3172 sed
1693 3107 1863 3172 viam
1899 3106 2121 3172 timeo:
2163 3118 2190 3166 1

216 3197 591 3283 gravissime
637 3199 1007 3285 aegrotasti,
1050 3198 1265 3262 inedia
1310 3201 1377 3262 et
1409 3196 1904 3282 purgationibus
1951 3199 2016 3259 et
2060 3194 2123 3258 vi

357 3406 460 3476 Ep.
499 3415 549 3476 9,
579 3414 627 3463 3.
701 3408 843 3463 sint:
885 3423 986 3464 nos
1023 3407 1173 3475 (W.).
1246 3421 1289 3461 8.
1344 3404 1465 3461 Nos
1509 3404 1697 3474 vulgo.
1781 3407 1831 3456 4.
1899 3401 2032 3456 Vale
2074 3404 2124 3453 et

212 3478 358 3535 salve
392 3479 542 3549 (W.).
629 3478 710 3549 V„
745 3495 788 3535 ε.
825 3479 919 3548 M„
955 3479 1141 3549 vulgo,

2161 3562 2221 3594 A
