2338 3691
711 123 1232 180 EPISTOLARUM
1269 125 1389 180 VII.
1428 131 1512 181 27.
1552 132 1637 181 28.
2000 124 2128 189 221

209 267 611 334 domicilium
672 269 863 335 huius
928 270 1132 354 urbiS,
1198 291 1395 354 quum
1450 271 1708 354 quidem
1759 268 1922 336 haec
1975 271 2130 336 urbs

204 357 364 437 finit,
413 357 623 442 aptius
667 357 1060 423 humanitati
1105 362 1172 423 et
1217 359 1521 423 suavitati
1564 361 1715 424 tuae
1752 381 1947 442 quam
1989 363 2131 425 tota

208 445 700 530 Peloponnesus
709 497 726 532 ,
784 448 1023 512 nedum
1075 446 1339 513 Patrae:
1401 469 1577 513 nunc
1631 452 1860 515 contra
1922 452 1988 512 et
2040 449 2130 513 vi—

211 533 385 599 disse
431 535 591 599 mihi
636 537 910 601 multum
954 537 1188 601 videris
1197 588 1216 621 ,
1270 559 1469 621 quum
1521 559 1722 621 prope
1780 537 2132 621 desperatis

210 622 320 686 his
364 623 557 688 rebus
602 627 667 689 te
704 625 775 690 in
812 623 1146 689 Graeciam
1187 626 1535 710 contulisti,
1582 631 1648 690 et
1681 626 1806 690 hoc
1841 629 2131 710 tempore

211 731 354 775 non
399 712 608 777 solum
653 715 911 798 sapiens
920 765 938 798 ,
984 714 1095 799 qui
1138 715 1294 779 hinc
1339 714 1512 779 absis
1520 766 1539 799 ,
1587 715 1698 779 sed
1746 715 1940 779 etiam
1984 715 2132 780 bea-

209 803 349 883 tus3
397 822 786 885 quamquam
831 803 975 888 quis
983 853 1003 888 ,
1048 804 1158 887 qui
1206 803 1447 887 aliquid
1494 804 1731 888 sapiat,
1774 825 1950 869 nunc
1994 826 2132 869 esse

210 889 446 954 beatus
491 891 751 975 potest?
842 889 995 975 Sed,
1039 892 1212 976 quod
1258 895 1360 977 tu,
1404 893 1508 957 cui
1552 892 1815 976 licebat,
1859 893 2131 977 pedibus

211 998 283 1043 es
334 983 733 1064 consecutus,
778 984 852 1044 ut
895 980 987 1044 ibi
1034 1002 1234 1064 esses,
1285 981 1435 1066 „ubi
1479 1002 1599 1047 nec
1643 979 2134 1066 Pelopidarum“
2232 1020 2238 1025 ·

215 1102 305 1114 -
351 1068 527 1132 nosti
573 1071 785 1133 cetera
830 1105 944 1154 —,
988 1092 1109 1134 nos
1164 1070 1335 1134 idem
1392 1070 1858 1154 propemodum
1913 1092 2132 1136 conse-

212 1154 475 1240 quimur
520 1157 647 1221 alia
691 1156 971 1241 ratione3
1016 1180 1215 1242 quum
1252 1159 1425 1223 enim
1460 1158 1836 1224 salutationi
1870 1181 1991 1224 nos
2029 1160 2133 1225 de-

175 1243 430 1319 ‚dimus
490 1246 867 1330 amicorum,
923 1268 1085 1330 quae
1148 1247 1227 1311 fit
1285 1247 1413 1312 hoc
1466 1248 1660 1312 etiam
1715 1247 2135 1333 frequentius,

212 1354 414 1417 quam
443 1334 708 1418 solebat,
749 1335 921 1418 quod
958 1335 1144 1418 quasi
1181 1357 1365 1400 avem
1393 1335 1608 1400 albam
1635 1335 1934 1400 videntur
1970 1336 2134 1400 bene

213 1421 606 1487 sentientem
652 1424 857 1488 civem
901 1424 1134 1508 videre,
1181 1425 1348 1490 abdo
1395 1446 1496 1489 me
1542 1425 1613 1488 in
1658 1423 2134 1491 bibliothecam.

213 1509 453 1594 Itaqua
499 1533 695 1595 opera
740 1511 950 1577 efficio
996 1515 1211 1598 tanta,
1257 1516 1501 1597 quanta
1543 1513 1820 1578 fortasse
1872 1516 1948 1578 tu
1995 1535 2134 1578 sen·

213 1600 370 1682 ties;
416 1599 703 1665 intellexi
748 1601 922 1665 enim
968 1623 1045 1666 ex
1088 1604 1204 1666 tuo
1253 1623 1546 1667 sermone
1593 1602 1890 1687 quodam,
1938 1623 2135 1686 quum

214 1708 432 1751 meam
475 1690 864 1754 maestitiam
909 1692 976 1754 et
1021 1690 1537 1792 desperationem
1582 1712 1914 1756 accusares
1961 1690 2136 1756 domi

213 1780 389 1858 tuae,
437 1776 677 1842 discere
720 1782 786 1842 te
834 1801 913 1842 ex
956 1778 1114 1843 meis
1159 1779 1340 1843 libris
1388 1779 1675 1844 animum
1719 1801 1933 1844 meum
1971 1779 2134 1844 desi·

217 1827 472 1951 dera’re3
527 1867 639 1932 sed
692 1867 1052 1932 mehercule
1110 1869 1178 1932 et
1222 1871 1363 1933 tum
1407 1890 1544 1933 rem
1587 1869 1914 1953 publicam
1957 1869 2134 1954 luge·

215 1954 391 2038 bam,
438 1976 601 2039 quae
645 1977 781 2021 non
828 1958 1039 2021 solum
1080 1958 1214 2022 suis
1247 1977 1394 2040 coya
1427 1977 1539 2036 me,
1586 1958 1698 2023 sed
1735 1957 1930 2021 etiam
1974 1957 2134 2022 meis

216 2062 380 2127 erga
426 2065 492 2108 se
538 2044 864 2109 beneficiis
910 2048 1050 2109 erat
1093 2045 1256 2109 mihi
1289 2047 1420 2109 vita
1457 2066 1595 2110 mea
1632 2046 1856 2130 carior,
1902 2048 1967 2110 et
2009 2045 2134 2111 hoc

214 2135 530 2216 tempore,
567 2154 957 2217 quamquam
993 2155 1095 2198 me
1131 2156 1269 2199 non
1305 2134 1472 2198 ratio
1510 2135 1719 2199 solum
1748 2134 2135 2218 consolatur,

215 2241 387 2303 quae
432 2221 792 2304 plurimum)
826 2222 1017 2286 debet
1067 2223 1309 2308 valere,
1355 2222 1466 2287 sed
1512 2222 1708 2287 etiam
1755 2223 1888 2287 dies
1896 2273 1915 2306 ,
1973 2243 2134 2306 quae

214 2308 438 2372 stultis
493 2330 745 2393 quoque
800 2310 1041 2375 mederi
1095 2311 1286 2395 solet,
1340 2314 1561 2375 tamen
1615 2310 1800 2376 doleo
1854 2311 1947 2375 ita
1999 2332 2137 2376 rem

213 2418 629 2462 communem
674 2420 812 2463 esse
859 2398 1203 2484 dilapsam,
1255 2402 1331 2463 ut
1373 2421 1458 2463 ne
1504 2420 1650 2483 spes
1705 2398 1963 2483 quidem
2007 2421 2135 2465 me-

212 2485 347 2549 lius
412 2485 757 2569 aliquando
812 2488 952 2552 fore
1015 2489 1436 2572 relinquatur.
1545 2486 1684 2553 Nec
1745 2509 1898 2553 vero
1961 2509 2137 2553 nunc

214 2573 482 2658 quidem
527 2575 716 2660 culpa
768 2576 839 2640 in
885 2598 960 2642 eo
1008 2580 1132 2661 est,
1191 2578 1262 2642 in
1315 2576 1495 2642 cuius
1541 2579 1863 2662 potestate
1920 2576 2138 2642 omnia

216 2665 377 2726 sunt
431 2699 515 2708 —
570 2663 699 2728 nisi
750 2664 921 2729 forte
978 2665 1046 2729 id
1100 2665 1314 2749 ipsum
1350 2687 1511 2731 esse
1574 2688 1710 2730 non
1765 2665 1988 2730 debuit
2033 2699 2137 2749 —-—‚

215 2750 335 2826 sed
390 2750 519 2815 alia
573 2773 752 2837 casu,
805 2753 935 2817 alia
979 2753 1176 2818 etiam
1230 2758 1456 2819 nostra
1510 2755 1700 2839 culpa
1753 2754 1847 2819 sic
1892 2753 2133 2819 accide-

213 2841 402 2922 runt,
454 2842 530 2903 ut
581 2842 654 2905 de
704 2842 1067 2926 praeteritis
1123 2864 1259 2907 non
1314 2843 1400 2907 sit
1453 2842 1866 2927 querendum.
1963 2841 2134 2906 Reli-

214 2948 418 3011 quam
471 2949 653 3012 spem
705 2930 954 2994 nullam
998 2930 1214 3014 vide03
1268 2952 1464 3015 quare
1521 2931 1602 2995 ad
1655 2932 1866 3015 prima
1918 2930 2133 2995 redeo:

213 3016 547 3100 sapienter
581 3016 743 3083 haec
777 3019 1111 3104 reliquisti,
1148 3019 1205 3084 si
1242 3020 1528 3104 consilio,
1554 3019 1844 3103 feliciter,
1881 3018 1937 3083 si
1963 3040 2134 3085 casu.

362 3242 468 3312 Ep.
507 3248 601 3314 28,
641 3250 689 3299 1.
761 3245 895 3300 urbs
935 3246 1074 3313 fuit,
1121 3246 1311 3316 aptius
1355 3246 1504 3316 (W..)
1604 3262 1689 3311 w„
1725 3262 1777 3301 a
1814 3245 1908 3313 M.‚
1946 3245 2132 3316 vulgo.

208 3319 263 3369 3.
305 3313 445 3369 mihi
466 3315 587 3371 vita
612 3331 732 3372 mea
757 3317 941 3372 carior
970 3317 1121 3388 (W.).
1193 3334 1263 3373 m.
1291 3333 1336 3373 c.
1364 3317 1438 3372 M.
1511 3332 1580 3371 m.
1608 3317 1727 3373 vita
1753 3333 1796 3372 c.
1825 3316 2044 3385 Kleyn„
2070 3316 2133 3369 B.
