<?xml version="1.0" encoding="UTF-8"?>
<!DOCTYPE html PUBLIC "-//W3C//DTD XHTML 1.0 Transitional//EN"
    "http://www.w3.org/TR/xhtml1/DTD/xhtml1-transitional.dtd">
<html xmlns="http://www.w3.org/1999/xhtml" xml:lang="en" lang="en">
 <head>
  <title>
</title>
<meta http-equiv="Content-Type" content="text/html;charset=utf-8" />
  <meta name='ocr-system' content='tesseract 3.04.00' />
  <meta name='ocr-capabilities' content='ocr_page ocr_carea ocr_par ocr_line ocrx_word'/>
</head>
<body>
  <div class='ocr_page' id='page_1' title='image "./scriptaquaemans02wesegoog_0602.png"; bbox 0 0 2338 3691; ppageno 0'>
   <div class='ocr_carea' id='block_1_1' title="bbox 217 135 1563 207">
    <p class='ocr_par' dir='ltr' id='par_1_1' title="bbox 217 135 1563 207">
     <span class='ocr_line' id='line_1_1' title="bbox 217 135 1563 207; baseline -0.007 0"><span class='ocrx_word' id='word_1_1' title='bbox 217 141 350 207; x_wconf 85' lang='lat'><strong>584</strong></span> <span class='ocrx_word' id='word_1_2' title='bbox 781 137 860 196; x_wconf 76' lang='grc' dir='ltr'><strong>Μ.</strong></span> <span class='ocrx_word' id='word_1_3' title='bbox 895 140 1145 197; x_wconf 81' lang='lat' dir='ltr'>TULLII</span> <span class='ocrx_word' id='word_1_4' title='bbox 1181 135 1563 197; x_wconf 81' lang='lat' dir='ltr'>CICERONIS</span> 
     </span>
    </p>
   </div>
   <div class='ocr_carea' id='block_1_2' title="bbox 429 354 1917 525">
    <p class='ocr_par' dir='ltr' id='par_1_2' title="bbox 429 354 1917 525">
     <span class='ocr_line' id='line_1_2' title="bbox 1107 354 1227 421; baseline 0 0"><span class='ocrx_word' id='word_1_5' title='bbox 1107 354 1227 421; x_wconf 89' lang='lat' dir='ltr'>III.</span> 
     </span>
     <span class='ocr_line' id='line_1_3' title="bbox 429 465 1917 525; baseline 0 -2"><span class='ocrx_word' id='word_1_6' title='bbox 429 465 541 523; x_wconf 81' lang='lat' dir='ltr'><strong>Ser.</strong></span> <span class='ocrx_word' id='word_1_7' title='bbox 590 466 1019 524; x_wconf 80' lang='lat' dir='ltr'><strong>Thessalonicae</strong></span> <span class='ocrx_word' id='word_1_8' title='bbox 1064 469 1257 524; x_wconf 86' lang='lat' dir='ltr'><strong>Idibus</strong></span> <span class='ocrx_word' id='word_1_9' title='bbox 1304 467 1488 523; x_wconf 58' lang='lat' dir='ltr'><strong>Iuniis*</strong></span> <span class='ocrx_word' id='word_1_10' title='bbox 1526 473 1579 522; x_wconf 72' lang='lat' dir='ltr'><strong>a.</strong></span> <span class='ocrx_word' id='word_1_11' title='bbox 1615 473 1671 524; x_wconf 70' lang='lat' dir='ltr'><strong>ti.</strong></span> <span class='ocrx_word' id='word_1_12' title='bbox 1709 482 1756 523; x_wconf 90' lang='lat' dir='ltr'><strong>c.</strong></span> <span class='ocrx_word' id='word_1_13' title='bbox 1794 466 1917 525; x_wconf 69' lang='lat'><strong>696.</strong></span> 
     </span>
    </p>
   </div>
   <div class='ocr_carea' id='block_1_3' title="bbox 514 589 1826 658">
    <p class='ocr_par' dir='ltr' id='par_1_3' title="bbox 514 589 1826 658">
     <span class='ocr_line' id='line_1_4' title="bbox 514 589 1826 658; baseline 0.001 -14"><span class='ocrx_word' id='word_1_14' title='bbox 514 589 806 647; x_wconf 86' lang='lat' dir='ltr'><strong>MARCUS</strong></span> <span class='ocrx_word' id='word_1_15' title='bbox 845 591 1122 658; x_wconf 80' lang='lat' dir='ltr'>QUINTO</span> <span class='ocrx_word' id='word_1_16' title='bbox 1158 591 1431 647; x_wconf 85' lang='lat' dir='ltr'>FRATRI</span> <span class='ocrx_word' id='word_1_17' title='bbox 1466 590 1826 647; x_wconf 81' lang='lat' dir='ltr'>SALUTEM.</span> 
     </span>
    </p>
   </div>
   <div class='ocr_carea' id='block_1_4' title="bbox 151 687 2137 3338">
    <p class='ocr_par' dir='ltr' id='par_1_4' title="bbox 151 687 2137 2368">
     <span class='ocr_line' id='line_1_5' title="bbox 151 687 2137 776; baseline 0.002 -21"><span class='ocrx_word' id='word_1_18' title='bbox 151 717 175 755; x_wconf 88' lang='lat'>1</span> <span class='ocrx_word' id='word_1_19' title='bbox 348 687 443 755; x_wconf 84' lang='lat' dir='ltr'><strong>Mi</strong></span> <span class='ocrx_word' id='word_1_20' title='bbox 485 690 715 776; x_wconf 84' lang='lat' dir='ltr'><strong>frater,</strong></span> <span class='ocrx_word' id='word_1_21' title='bbox 756 692 848 757; x_wconf 92' lang='lat' dir='ltr'><strong>mi</strong></span> <span class='ocrx_word' id='word_1_22' title='bbox 891 692 1137 775; x_wconf 74' lang='lat' dir='ltr'><strong>frater,</strong></span> <span class='ocrx_word' id='word_1_23' title='bbox 1163 691 1254 755; x_wconf 89' lang='lat' dir='ltr'><strong>mi</strong></span> <span class='ocrx_word' id='word_1_24' title='bbox 1296 691 1529 775; x_wconf 85' lang='lat' dir='ltr'><strong>frater,</strong></span> <span class='ocrx_word' id='word_1_25' title='bbox 1572 694 1730 758; x_wconf 84' lang='lat' dir='ltr'><strong>tune</strong></span> <span class='ocrx_word' id='word_1_26' title='bbox 1774 692 1841 757; x_wconf 91' lang='lat' dir='ltr'><strong>id</strong></span> <span class='ocrx_word' id='word_1_27' title='bbox 1888 693 2137 758; x_wconf 80' lang='lat' dir='ltr'><strong>veritus</strong></span> 
     </span>
     <span class='ocr_line' id='line_1_6' title="bbox 216 779 2134 865; baseline 0.002 -22"><span class='ocrx_word' id='word_1_28' title='bbox 216 800 305 864; x_wconf 90' lang='lat' dir='ltr'><strong>es,</strong></span> <span class='ocrx_word' id='word_1_29' title='bbox 346 799 430 843; x_wconf 86' lang='lat' dir='ltr'><strong>ne</strong></span> <span class='ocrx_word' id='word_1_30' title='bbox 476 799 597 865; x_wconf 85' lang='lat' dir='ltr'><strong>ego</strong></span> <span class='ocrx_word' id='word_1_31' title='bbox 641 779 977 844; x_wconf 74' lang='lat' dir='ltr'><strong>iracundia</strong></span> <span class='ocrx_word' id='word_1_32' title='bbox 1021 781 1238 863; x_wconf 90' lang='lat' dir='ltr'><strong>aliqua</strong></span> <span class='ocrx_word' id='word_1_33' title='bbox 1282 779 1595 845; x_wconf 88' lang='lat' dir='ltr'><strong>adductus</strong></span> <span class='ocrx_word' id='word_1_34' title='bbox 1652 799 1889 864; x_wconf 74' lang='lat' dir='ltr'><strong>pueros</strong></span> <span class='ocrx_word' id='word_1_35' title='bbox 1935 781 2024 845; x_wconf 86' lang='lat' dir='ltr'><strong>ad</strong></span> <span class='ocrx_word' id='word_1_36' title='bbox 2066 785 2134 846; x_wconf 86' lang='lat' dir='ltr'><strong>te</strong></span> 
     </span>
     <span class='ocr_line' id='line_1_7' title="bbox 215 867 2134 934; baseline 0.001 -2"><span class='ocrx_word' id='word_1_37' title='bbox 215 868 353 932; x_wconf 89' lang='lat' dir='ltr'><strong>sine</strong></span> <span class='ocrx_word' id='word_1_38' title='bbox 397 867 635 933; x_wconf 86' lang='lat' dir='ltr'><strong>litteris</strong></span> <span class='ocrx_word' id='word_1_39' title='bbox 683 868 1011 933; x_wconf 81' lang='lat' dir='ltr'><strong>miserim?</strong></span> <span class='ocrx_word' id='word_1_40' title='bbox 1075 870 1190 932; x_wconf 85' lang='lat' dir='ltr'><strong>aut</strong></span> <span class='ocrx_word' id='word_1_41' title='bbox 1242 868 1437 933; x_wconf 84' lang='lat' dir='ltr'><strong>etiam</strong></span> <span class='ocrx_word' id='word_1_42' title='bbox 1489 888 1574 933; x_wconf 92' lang='lat' dir='ltr'><strong>ne</strong></span> <span class='ocrx_word' id='word_1_43' title='bbox 1626 871 1692 932; x_wconf 84' lang='lat' dir='ltr'><strong>t&#39;e</strong></span> <span class='ocrx_word' id='word_1_44' title='bbox 1745 868 1961 934; x_wconf 80' lang='lat' dir='ltr'><strong>videre</strong></span> <span class='ocrx_word' id='word_1_45' title='bbox 2019 890 2134 934; x_wconf 88' lang='lat' dir='ltr'><strong>no-</strong></span> 
     </span>
     <span class='ocr_line' id='line_1_8' title="bbox 213 954 2134 1042; baseline 0.001 -21"><span class='ocrx_word' id='word_1_46' title='bbox 213 954 487 1021; x_wconf 77' lang='lat' dir='ltr'><strong>luerim?</strong></span> <span class='ocrx_word' id='word_1_47' title='bbox 557 955 704 1042; x_wconf 81' lang='lat' dir='ltr'><strong>Ego</strong></span> <span class='ocrx_word' id='word_1_48' title='bbox 731 957 853 1021; x_wconf 87' lang='lat' dir='ltr'><strong>tibi</strong></span> <span class='ocrx_word' id='word_1_49' title='bbox 886 955 1238 1023; x_wconf 74' lang='lat' dir='ltr'>irascerer?</span> <span class='ocrx_word' id='word_1_50' title='bbox 1282 957 1406 1021; x_wconf 84' lang='lat' dir='ltr'><strong>tibi</strong></span> <span class='ocrx_word' id='word_1_51' title='bbox 1440 977 1562 1042; x_wconf 81' lang='lat' dir='ltr'><strong>ego</strong></span> <span class='ocrx_word' id='word_1_52' title='bbox 1596 975 1855 1041; x_wconf 88' lang='lat' dir='ltr'><strong>possem</strong></span> <span class='ocrx_word' id='word_1_53' title='bbox 1890 957 2134 1022; x_wconf 74' lang='lat' dir='ltr'><strong>irasci?</strong></span> 
     </span>
     <span class='ocr_line' id='line_1_9' title="bbox 215 1042 2132 1129; baseline 0.001 -20"><span class='ocrx_word' id='word_1_54' title='bbox 215 1042 499 1129; x_wconf 77' lang='lat' dir='ltr'><strong>Scilicet,</strong></span> <span class='ocrx_word' id='word_1_55' title='bbox 550 1048 624 1109; x_wconf 88' lang='lat' dir='ltr'><strong>tu</strong></span> <span class='ocrx_word' id='word_1_56' title='bbox 670 1046 842 1110; x_wconf 87' lang='lat' dir='ltr'><strong>enim</strong></span> <span class='ocrx_word' id='word_1_57' title='bbox 887 1067 990 1111; x_wconf 90' lang='lat' dir='ltr'><strong>me</strong></span> <span class='ocrx_word' id='word_1_58' title='bbox 1044 1045 1358 1128; x_wconf 80' lang='lat' dir='ltr'><strong>afflixisti3</strong></span> <span class='ocrx_word' id='word_1_59' title='bbox 1410 1046 1508 1110; x_wconf 91' lang='lat' dir='ltr'><strong>tui</strong></span> <span class='ocrx_word' id='word_1_60' title='bbox 1529 1076 1533 1080; x_wconf 94' lang='lat'>·</span> <span class='ocrx_word' id='word_1_61' title='bbox 1551 1065 1654 1109; x_wconf 91' lang='lat' dir='ltr'><strong>me</strong></span> <span class='ocrx_word' id='word_1_62' title='bbox 1697 1046 1970 1129; x_wconf 81' lang='lat' dir='ltr'><strong>inimici,</strong></span> <span class='ocrx_word' id='word_1_63' title='bbox 2015 1050 2132 1111; x_wconf 83' lang='lat' dir='ltr'><strong>tua</strong></span> 
     </span>
     <span class='ocr_line' id='line_1_10' title="bbox 215 1129 2130 1220; baseline 0.001 -22"><span class='ocrx_word' id='word_1_64' title='bbox 215 1154 318 1199; x_wconf 91' lang='lat' dir='ltr'><strong>me</strong></span> <span class='ocrx_word' id='word_1_65' title='bbox 362 1133 635 1217; x_wconf 78' lang='lat' dir='ltr'><strong>invidia,</strong></span> <span class='ocrx_word' id='word_1_66' title='bbox 691 1155 768 1199; x_wconf 85' lang='lat' dir='ltr'><strong>ac</strong></span> <span class='ocrx_word' id='word_1_67' title='bbox 819 1155 954 1199; x_wconf 90' lang='lat' dir='ltr'><strong>non</strong></span> <span class='ocrx_word' id='word_1_68' title='bbox 1009 1154 1132 1220; x_wconf 85' lang='lat' dir='ltr'><strong>ego</strong></span> <span class='ocrx_word' id='word_1_69' title='bbox 1185 1137 1252 1197; x_wconf 85' lang='lat' dir='ltr'><strong>te</strong></span> <span class='ocrx_word' id='word_1_70' title='bbox 1305 1134 1533 1200; x_wconf 79' lang='lat' dir='ltr'><strong>misere</strong></span> <span class='ocrx_word' id='word_1_71' title='bbox 1586 1133 1851 1218; x_wconf 77' lang='lat' dir='ltr'><strong>perdidi.</strong></span> <span class='ocrx_word' id='word_1_72' title='bbox 1941 1129 2130 1200; x_wconf 84' lang='lat' dir='ltr'><strong>Meus</strong></span> 
     </span>
     <span class='ocr_line' id='line_1_11' title="bbox 213 1221 2129 1307; baseline 0.001 -21"><span class='ocrx_word' id='word_1_73' title='bbox 213 1223 322 1286; x_wconf 93' lang='lat' dir='ltr'><strong>ille</strong></span> <span class='ocrx_word' id='word_1_74' title='bbox 366 1223 667 1288; x_wconf 84' lang='lat' dir='ltr'><strong>laudatus</strong></span> <span class='ocrx_word' id='word_1_75' title='bbox 713 1224 1086 1287; x_wconf 88' lang='lat' dir='ltr'><strong>consulatus</strong></span> <span class='ocrx_word' id='word_1_76' title='bbox 1139 1222 1300 1286; x_wconf 76' lang='lat' dir='ltr'><strong>mihi</strong></span> <span class='ocrx_word' id='word_1_77' title='bbox 1351 1225 1444 1307; x_wconf 86' lang='lat' dir='ltr'><strong>te,</strong></span> <span class='ocrx_word' id='word_1_78' title='bbox 1505 1221 1770 1305; x_wconf 71' lang='lat' dir='ltr'><strong>liberos,</strong></span> <span class='ocrx_word' id='word_1_79' title='bbox 1832 1223 2129 1307; x_wconf 76' lang='lat' dir='ltr'><strong>patriam,</strong></span> 
     </span>
     <span class='ocr_line' id='line_1_12' title="bbox 213 1310 2128 1396; baseline 0.001 -21"><span class='ocrx_word' id='word_1_80' title='bbox 213 1311 532 1396; x_wconf 78' lang='lat' dir='ltr'><strong>fortunae,</strong></span> <span class='ocrx_word' id='word_1_81' title='bbox 570 1311 693 1376; x_wconf 90' lang='lat' dir='ltr'><strong>tibi</strong></span> <span class='ocrx_word' id='word_1_82' title='bbox 736 1311 929 1376; x_wconf 85' lang='lat' dir='ltr'><strong>velim</strong></span> <span class='ocrx_word' id='word_1_83' title='bbox 972 1332 1056 1375; x_wconf 89' lang='lat' dir='ltr'><strong>ne</strong></span> <span class='ocrx_word' id='word_1_84' title='bbox 1094 1311 1249 1394; x_wconf 82' lang='lat' dir='ltr'><strong>quid</strong></span> <span class='ocrx_word' id='word_1_85' title='bbox 1285 1310 1591 1395; x_wconf 80' lang='lat' dir='ltr'><strong>eripuerit</strong></span> <span class='ocrx_word' id='word_1_86' title='bbox 1624 1313 1882 1395; x_wconf 86' lang='lat' dir='ltr'><strong>praeter</strong></span> <span class='ocrx_word' id='word_1_87' title='bbox 1925 1331 2128 1376; x_wconf 82' lang='lat' dir='ltr'><strong>unum</strong></span> 
     </span>
     <span class='ocr_line' id='line_1_13' title="bbox 216 1398 2127 1483; baseline -0.001 -18"><span class='ocrx_word' id='word_1_88' title='bbox 216 1421 335 1465; x_wconf 90' lang='lat' dir='ltr'><strong>me.</strong></span> <span class='ocrx_word' id='word_1_89' title='bbox 426 1398 551 1465; x_wconf 86' lang='lat' dir='ltr'><strong>Sed</strong></span> <span class='ocrx_word' id='word_1_90' title='bbox 607 1402 777 1464; x_wconf 88' lang='lat' dir='ltr'><strong>certe</strong></span> <span class='ocrx_word' id='word_1_91' title='bbox 841 1421 880 1464; x_wconf 90' lang='lat' dir='ltr'><strong>a</strong></span> <span class='ocrx_word' id='word_1_92' title='bbox 933 1403 999 1464; x_wconf 90' lang='lat' dir='ltr'><strong>te</strong></span> <span class='ocrx_word' id='word_1_93' title='bbox 1050 1399 1212 1463; x_wconf 83' lang='lat' dir='ltr'><strong>mihi</strong></span> <span class='ocrx_word' id='word_1_94' title='bbox 1276 1400 1493 1465; x_wconf 87' lang='lat' dir='ltr'><strong>omnia</strong></span> <span class='ocrx_word' id='word_1_95' title='bbox 1546 1419 1798 1483; x_wconf 87' lang='lat' dir='ltr'><strong>semper</strong></span> <span class='ocrx_word' id='word_1_96' title='bbox 1848 1398 2127 1464; x_wconf 71' lang='lat' dir='ltr'><strong>honesta</strong></span> 
     </span>
     <span class='ocr_line' id='line_1_14' title="bbox 216 1487 2126 1572; baseline 0 -20"><span class='ocrx_word' id='word_1_97' title='bbox 216 1491 282 1553; x_wconf 91' lang='lat' dir='ltr'><strong>et</strong></span> <span class='ocrx_word' id='word_1_98' title='bbox 323 1488 602 1553; x_wconf 77' lang='lat' dir='ltr'><strong>iucunda</strong></span> <span class='ocrx_word' id='word_1_99' title='bbox 647 1487 1039 1572; x_wconf 89' lang='lat' dir='ltr'><strong>ceciderunt,</strong></span> <span class='ocrx_word' id='word_1_100' title='bbox 1083 1509 1122 1552; x_wconf 88' lang='lat' dir='ltr'><strong>a</strong></span> <span class='ocrx_word' id='word_1_101' title='bbox 1166 1509 1270 1551; x_wconf 88' lang='lat' dir='ltr'><strong>me</strong></span> <span class='ocrx_word' id='word_1_102' title='bbox 1313 1487 1435 1551; x_wconf 86' lang='lat' dir='ltr'><strong>tibi</strong></span> <span class='ocrx_word' id='word_1_103' title='bbox 1478 1488 1695 1552; x_wconf 87' lang='lat' dir='ltr'><strong>luctus·</strong></span> <span class='ocrx_word' id='word_1_104' title='bbox 1735 1508 1920 1552; x_wconf 84' lang='lat' dir='ltr'><strong>meae</strong></span> <span class='ocrx_word' id='word_1_105' title='bbox 1962 1489 2126 1553; x_wconf 81' lang='lat' dir='ltr'><strong>cala·</strong></span> 
     </span>
     <span class='ocr_line' id='line_1_15' title="bbox 215 1575 2126 1660; baseline 0 -19"><span class='ocrx_word' id='word_1_106' title='bbox 215 1577 488 1660; x_wconf 82' lang='lat' dir='ltr'><strong>mitatis,</strong></span> <span class='ocrx_word' id='word_1_107' title='bbox 541 1580 751 1641; x_wconf 90' lang='lat' dir='ltr'><strong>metus</strong></span> <span class='ocrx_word' id='word_1_108' title='bbox 804 1580 954 1642; x_wconf 89' lang='lat' dir='ltr'><strong>tuae</strong></span> <span class='ocrx_word' id='word_1_109' title='bbox 964 1627 982 1660; x_wconf 94' lang='lat'><strong>,</strong></span> <span class='ocrx_word' id='word_1_110' title='bbox 1037 1575 1447 1660; x_wconf 86' lang='lat' dir='ltr'><strong>desiderium,</strong></span> <span class='ocrx_word' id='word_1_111' title='bbox 1492 1593 1770 1660; x_wconf 84' lang='lat' dir='ltr'><strong>maeror,</strong></span> <span class='ocrx_word' id='word_1_112' title='bbox 1825 1576 2126 1641; x_wconf 77' lang='lat' dir='ltr'><strong>solitudo,</strong></span> 
     </span>
     <span class='ocr_line' id='line_1_16' title="bbox 213 1663 2124 1750; baseline 0 -20"><span class='ocrx_word' id='word_1_113' title='bbox 213 1664 399 1750; x_wconf 75' lang='lat' dir='ltr'><strong>„Ego</strong></span> <span class='ocrx_word' id='word_1_114' title='bbox 448 1668 515 1729; x_wconf 92' lang='lat' dir='ltr'><strong>te</strong></span> <span class='ocrx_word' id='word_1_115' title='bbox 567 1665 782 1730; x_wconf 71' lang='lat' dir='ltr'><strong>videre</strong></span> <span class='ocrx_word' id='word_1_116' title='bbox 836 1663 1244 1730; x_wconf 74' lang='lat' dir='ltr'><strong>noluerim?“</strong></span> <span class='ocrx_word' id='word_1_117' title='bbox 1339 1663 1547 1729; x_wconf 85' lang='lat' dir='ltr'><strong>Immo</strong></span> <span class='ocrx_word' id='word_1_118' title='bbox 1604 1683 1755 1729; x_wconf 79' lang='lat' dir='ltr'><strong>vero</strong></span> <span class='ocrx_word' id='word_1_119' title='bbox 1809 1683 1916 1728; x_wconf 73' lang='lat' dir='ltr'><strong>mc</strong></span> <span class='ocrx_word' id='word_1_120' title='bbox 1966 1685 2012 1729; x_wconf 85' lang='lat' dir='ltr'><strong>a·</strong></span> <span class='ocrx_word' id='word_1_121' title='bbox 2062 1669 2124 1730; x_wconf 86' lang='lat' dir='ltr'><strong>te</strong></span> 
     </span>
     <span class='ocr_line' id='line_1_17' title="bbox 213 1752 2123 1837; baseline -0.001 -19"><span class='ocrx_word' id='word_1_122' title='bbox 213 1753 416 1818; x_wconf 82' lang='lat' dir='ltr'><strong>videri</strong></span> <span class='ocrx_word' id='word_1_123' title='bbox 460 1754 666 1837; x_wconf 82' lang='lat' dir='ltr'><strong>nolui3</strong></span> <span class='ocrx_word' id='word_1_124' title='bbox 710 1775 847 1818; x_wconf 91' lang='lat' dir='ltr'><strong>non</strong></span> <span class='ocrx_word' id='word_1_125' title='bbox 891 1754 1064 1818; x_wconf 89' lang='lat' dir='ltr'><strong>enim</strong></span> <span class='ocrx_word' id='word_1_126' title='bbox 1107 1753 1377 1818; x_wconf 80' lang='lat' dir='ltr'><strong>vidisses</strong></span> <span class='ocrx_word' id='word_1_127' title='bbox 1421 1752 1697 1816; x_wconf 73' lang='lat' dir='ltr'><strong>fratrem</strong></span> <span class='ocrx_word' id='word_1_128' title='bbox 1733 1755 1960 1836; x_wconf 54' lang='lat' dir='ltr'><strong>tuum,</strong></span> <span class='ocrx_word' id='word_1_129' title='bbox 1989 1764 2123 1819; x_wconf 82' lang='lat' dir='ltr'><strong>non</strong></span> 
     </span>
     <span class='ocr_line' id='line_1_18' title="bbox 215 1842 2123 1927; baseline 0 -21"><span class='ocrx_word' id='word_1_130' title='bbox 215 1864 379 1926; x_wconf 86' lang='lat' dir='ltr'><strong>eum,</strong></span> <span class='ocrx_word' id='word_1_131' title='bbox 424 1864 615 1926; x_wconf 90' lang='lat' dir='ltr'><strong>quem</strong></span> <span class='ocrx_word' id='word_1_132' title='bbox 657 1842 1034 1927; x_wconf 85' lang='lat' dir='ltr'><strong>reliqueras,</strong></span> <span class='ocrx_word' id='word_1_133' title='bbox 1087 1864 1228 1908; x_wconf 84' lang='lat' dir='ltr'><strong>non</strong></span> <span class='ocrx_word' id='word_1_134' title='bbox 1269 1863 1441 1925; x_wconf 90' lang='lat' dir='ltr'><strong>eum,</strong></span> <span class='ocrx_word' id='word_1_135' title='bbox 1487 1862 1685 1925; x_wconf 86' lang='lat' dir='ltr'><strong>quem·</strong></span> <span class='ocrx_word' id='word_1_136' title='bbox 1700 1888 1703 1893; x_wconf 75' lang='lat'><strong>·</strong></span> <span class='ocrx_word' id='word_1_137' title='bbox 1721 1861 1944 1925; x_wconf 75' lang='lat' dir='ltr'><strong>noras,</strong></span> <span class='ocrx_word' id='word_1_138' title='bbox 1988 1863 2123 1908; x_wconf 85' lang='lat' dir='ltr'><strong>non</strong></span> 
     </span>
     <span class='ocr_line' id='line_1_19' title="bbox 215 1929 2124 2016; baseline 0 -22"><span class='ocrx_word' id='word_1_139' title='bbox 215 1952 380 2013; x_wconf 81' lang='lat' dir='ltr'><strong>eum,</strong></span> <span class='ocrx_word' id='word_1_140' title='bbox 425 1951 615 2014; x_wconf 71' lang='lat' dir='ltr'><strong>quem</strong></span> <span class='ocrx_word' id='word_1_141' title='bbox 659 1931 822 1995; x_wconf 89' lang='lat' dir='ltr'><strong>flens</strong></span> <span class='ocrx_word' id='word_1_142' title='bbox 857 1931 1138 2015; x_wconf 84' lang='lat' dir='ltr'><strong>flentem,</strong></span> <span class='ocrx_word' id='word_1_143' title='bbox 1182 1932 1676 2016; x_wconf 75' lang='lat' dir='ltr'><strong>prosequentem</strong></span> <span class='ocrx_word' id='word_1_144' title='bbox 1711 1929 2124 2014; x_wconf 82' lang='lat' dir='ltr'><strong>proficiscens</strong></span> 
     </span>
     <span class='ocr_line' id='line_1_20' title="bbox 214 2018 2125 2104; baseline 0 -21"><span class='ocrx_word' id='word_1_145' title='bbox 214 2018 564 2102; x_wconf 80' lang='lat' dir='ltr'><strong>dimiseras,</strong></span> <span class='ocrx_word' id='word_1_146' title='bbox 599 2040 682 2082; x_wconf 85' lang='lat' dir='ltr'><strong>ne</strong></span> <span class='ocrx_word' id='word_1_147' title='bbox 710 2019 1053 2104; x_wconf 76' lang='lat' dir='ltr'><strong>vestigium</strong></span> <span class='ocrx_word' id='word_1_148' title='bbox 1081 2018 1339 2103; x_wconf 90' lang='lat' dir='ltr'><strong>quidem</strong></span> <span class='ocrx_word' id='word_1_149' title='bbox 1374 2019 1511 2083; x_wconf 75' lang='lat' dir='ltr'><strong>eius</strong></span> <span class='ocrx_word' id='word_1_150' title='bbox 1547 2038 1671 2082; x_wconf 78' lang='lat' dir='ltr'><strong>nec</strong></span> <span class='ocrx_word' id='word_1_151' title='bbox 1696 2018 2125 2103; x_wconf 77' lang='lat' dir='ltr'><strong>simulacrum,</strong></span> 
     </span>
     <span class='ocr_line' id='line_1_21' title="bbox 215 2104 2124 2192; baseline -0.001 -20"><span class='ocrx_word' id='word_1_152' title='bbox 215 2106 326 2172; x_wconf 89' lang='lat' dir='ltr'><strong>sed</strong></span> <span class='ocrx_word' id='word_1_153' title='bbox 372 2107 696 2191; x_wconf 75' lang='lat' dir='ltr'><strong>quandam</strong></span> <span class='ocrx_word' id='word_1_154' title='bbox 741 2106 1023 2192; x_wconf 82' lang='lat' dir='ltr'><strong>effigiem</strong></span> <span class='ocrx_word' id='word_1_155' title='bbox 1067 2107 1373 2192; x_wconf 87' lang='lat' dir='ltr'><strong>spirantis</strong></span> <span class='ocrx_word' id='word_1_156' title='bbox 1410 2106 1666 2171; x_wconf 68' lang='lat' dir='ltr'><strong>mortui.</strong></span> <span class='ocrx_word' id='word_1_157' title='bbox 1738 2104 1955 2190; x_wconf 76' lang='lat' dir='ltr'><strong>Atque</strong></span> <span class='ocrx_word' id='word_1_158' title='bbox 1999 2108 2124 2171; x_wconf 83' lang='lat' dir='ltr'><strong>uti-</strong></span> 
     </span>
     <span class='ocr_line' id='line_1_22' title="bbox 211 2194 2124 2280; baseline -0.001 -20"><span class='ocrx_word' id='word_1_159' title='bbox 211 2217 368 2261; x_wconf 88' lang='lat' dir='ltr'><strong>nam</strong></span> <span class='ocrx_word' id='word_1_160' title='bbox 409 2216 515 2260; x_wconf 88' lang='lat' dir='ltr'><strong>me</strong></span> <span class='ocrx_word' id='word_1_161' title='bbox 557 2198 884 2261; x_wconf 83' lang='lat' dir='ltr'><strong>mortuum</strong></span> <span class='ocrx_word' id='word_1_162' title='bbox 927 2196 1109 2280; x_wconf 86' lang='lat' dir='ltr'><strong>prius</strong></span> <span class='ocrx_word' id='word_1_163' title='bbox 1150 2195 1418 2260; x_wconf 81' lang='lat' dir='ltr'><strong>vidisses</strong></span> <span class='ocrx_word' id='word_1_164' title='bbox 1465 2197 1588 2259; x_wconf 81' lang='lat' dir='ltr'><strong>aut</strong></span> <span class='ocrx_word' id='word_1_165' title='bbox 1632 2194 1944 2259; x_wconf 68' lang='lat' dir='ltr'><strong>audisses!</strong></span> <span class='ocrx_word' id='word_1_166' title='bbox 2000 2195 2124 2259; x_wconf 87' lang='lat' dir='ltr'><strong>uti-</strong></span> 
     </span>
     <span class='ocr_line' id='line_1_23' title="bbox 211 2283 2124 2368; baseline -0.001 -20"><span class='ocrx_word' id='word_1_167' title='bbox 211 2305 367 2349; x_wconf 84' lang='lat' dir='ltr'><strong>nam</strong></span> <span class='ocrx_word' id='word_1_168' title='bbox 410 2288 476 2349; x_wconf 87' lang='lat' dir='ltr'><strong>te</strong></span> <span class='ocrx_word' id='word_1_169' title='bbox 521 2306 657 2350; x_wconf 80' lang='lat' dir='ltr'><strong>non</strong></span> <span class='ocrx_word' id='word_1_170' title='bbox 701 2285 910 2349; x_wconf 89' lang='lat' dir='ltr'><strong>solum</strong></span> <span class='ocrx_word' id='word_1_171' title='bbox 945 2285 1135 2368; x_wconf 80' lang='lat' dir='ltr'><strong>vitae,</strong></span> <span class='ocrx_word' id='word_1_172' title='bbox 1180 2284 1290 2348; x_wconf 91' lang='lat' dir='ltr'><strong>sed</strong></span> <span class='ocrx_word' id='word_1_173' title='bbox 1327 2284 1523 2348; x_wconf 78' lang='lat' dir='ltr'><strong>etiam</strong></span> <span class='ocrx_word' id='word_1_174' title='bbox 1561 2283 1895 2368; x_wconf 60' lang='lat' dir='ltr'><strong>dignitatis</strong></span> <span class='ocrx_word' id='word_1_175' title='bbox 1940 2300 2124 2348; x_wconf 84' lang='lat' dir='ltr'><strong>meae</strong></span> 
     </span>
    </p>

    <p class='ocr_par' dir='ltr' id='par_1_5' title="bbox 161 2370 2124 3338">
     <span class='ocr_line' id='line_1_24' title="bbox 161 2370 2123 2456; baseline -0.001 -18"><span class='ocrx_word' id='word_1_176' title='bbox 161 2399 187 2440; x_wconf 80' lang='lat'><em>2</em></span> <span class='ocrx_word' id='word_1_177' title='bbox 215 2374 625 2456; x_wconf 71' lang='lat' dir='ltr'><strong>superstitem</strong></span> <span class='ocrx_word' id='word_1_178' title='bbox 686 2372 1110 2456; x_wconf 83' lang='lat' dir='ltr'><strong>reliquissem!</strong></span> <span class='ocrx_word' id='word_1_179' title='bbox 1221 2370 1352 2437; x_wconf 83' lang='lat' dir='ltr'><strong>Sed·</strong></span> <span class='ocrx_word' id='word_1_180' title='bbox 1406 2375 1611 2437; x_wconf 81' lang='lat' dir='ltr'><strong>testor</strong></span> <span class='ocrx_word' id='word_1_181' title='bbox 1674 2388 1897 2437; x_wconf 71' lang='lat' dir='ltr'><strong>omncs</strong></span> <span class='ocrx_word' id='word_1_182' title='bbox 1969 2371 2123 2436; x_wconf 85' lang='lat' dir='ltr'><strong>deos</strong></span> 
     </span>
     <span class='ocr_line' id='line_1_25' title="bbox 213 2460 2121 2544; baseline 0 -20"><span class='ocrx_word' id='word_1_183' title='bbox 213 2482 316 2524; x_wconf 90' lang='lat' dir='ltr'><strong>me</strong></span> <span class='ocrx_word' id='word_1_184' title='bbox 369 2460 494 2525; x_wconf 88' lang='lat' dir='ltr'><strong>hac</strong></span> <span class='ocrx_word' id='word_1_185' title='bbox 546 2483 678 2526; x_wconf 88' lang='lat' dir='ltr'><strong>una</strong></span> <span class='ocrx_word' id='word_1_186' title='bbox 723 2482 877 2526; x_wconf 86' lang='lat' dir='ltr'><strong>voce</strong></span> <span class='ocrx_word' id='word_1_187' title='bbox 941 2484 980 2526; x_wconf 91' lang='lat' dir='ltr'><strong>a</strong></span> <span class='ocrx_word' id='word_1_188' title='bbox 1033 2463 1241 2526; x_wconf 84' lang='lat' dir='ltr'><strong>morte</strong></span> <span class='ocrx_word' id='word_1_189' title='bbox 1306 2479 1445 2525; x_wconf 88' lang='lat' dir='ltr'><strong>esse</strong></span> <span class='ocrx_word' id='word_1_190' title='bbox 1489 2463 1884 2542; x_wconf 75' lang='lat' dir='ltr'><strong>revocatum,</strong></span> <span class='ocrx_word' id='word_1_191' title='bbox 1949 2460 2121 2544; x_wconf 88' lang='lat' dir='ltr'><strong>quod</strong></span> 
     </span>
     <span class='ocr_line' id='line_1_26' title="bbox 215 2548 2122 2634; baseline -0.001 -20"><span class='ocrx_word' id='word_1_192' title='bbox 215 2569 438 2614; x_wconf 86' lang='lat' dir='ltr'><strong>omnes</strong></span> <span class='ocrx_word' id='word_1_193' title='bbox 483 2548 555 2613; x_wconf 93' lang='lat' dir='ltr'><strong>in</strong></span> <span class='ocrx_word' id='word_1_194' title='bbox 607 2570 751 2614; x_wconf 88' lang='lat' dir='ltr'><strong>mea</strong></span> <span class='ocrx_word' id='word_1_195' title='bbox 803 2550 938 2614; x_wconf 84' lang='lat' dir='ltr'><strong>vita</strong></span> <span class='ocrx_word' id='word_1_196' title='bbox 982 2552 1234 2634; x_wconf 88' lang='lat' dir='ltr'><strong>partem</strong></span> <span class='ocrx_word' id='word_1_197' title='bbox 1279 2549 1562 2632; x_wconf 83' lang='lat' dir='ltr'><strong>aliquam</strong></span> <span class='ocrx_word' id='word_1_198' title='bbox 1605 2552 1755 2613; x_wconf 87' lang='lat' dir='ltr'><strong>tuae</strong></span> <span class='ocrx_word' id='word_1_199' title='bbox 1809 2548 1981 2613; x_wconf 81' lang='lat' dir='ltr'><strong>vitae</strong></span> <span class='ocrx_word' id='word_1_200' title='bbox 2024 2570 2122 2612; x_wconf 87' lang='lat' dir='ltr'><strong>re-</strong></span> 
     </span>
     <span class='ocr_line' id='line_1_27' title="bbox 212 2636 2120 2722; baseline -0.001 -20"><span class='ocrx_word' id='word_1_201' title='bbox 212 2637 493 2722; x_wconf 84' lang='lat' dir='ltr'><strong>positam</strong></span> <span class='ocrx_word' id='word_1_202' title='bbox 538 2659 677 2703; x_wconf 90' lang='lat' dir='ltr'><strong>esse</strong></span> <span class='ocrx_word' id='word_1_203' title='bbox 723 2637 1045 2702; x_wconf 86' lang='lat' dir='ltr'><strong>dicebant:</strong></span> <span class='ocrx_word' id='word_1_204' title='bbox 1093 2659 1222 2721; x_wconf 89' lang='lat' dir='ltr'><strong>qua</strong></span> <span class='ocrx_word' id='word_1_205' title='bbox 1264 2637 1334 2701; x_wconf 88' lang='lat' dir='ltr'><strong>in</strong></span> <span class='ocrx_word' id='word_1_206' title='bbox 1377 2658 1447 2701; x_wconf 91' lang='lat' dir='ltr'><strong>re</strong></span> <span class='ocrx_word' id='word_1_207' title='bbox 1492 2636 1751 2721; x_wconf 82' lang='lat' dir='ltr'><strong>peccavi</strong></span> <span class='ocrx_word' id='word_1_208' title='bbox 1788 2637 2120 2702; x_wconf 87' lang='lat' dir='ltr'><strong>scelerate-</strong></span> 
     </span>
     <span class='ocr_line' id='line_1_28' title="bbox 213 2710 2124 2810; baseline 0 -20"><span class='ocrx_word' id='word_1_209' title='bbox 213 2747 336 2810; x_wconf 87' lang='lat' dir='ltr'><strong>que</strong></span> <span class='ocrx_word' id='word_1_210' title='bbox 399 2726 551 2809; x_wconf 82' lang='lat' dir='ltr'><strong>feci3</strong></span> <span class='ocrx_word' id='word_1_211' title='bbox 621 2747 805 2810; x_wconf 85' lang='lat' dir='ltr'><strong>nam,</strong></span> <span class='ocrx_word' id='word_1_212' title='bbox 875 2726 930 2789; x_wconf 91' lang='lat' dir='ltr'><strong>si</strong></span> <span class='ocrx_word' id='word_1_213' title='bbox 993 2710 1397 2809; x_wconf 83' lang='lat' dir='ltr'><strong>occidissem,</strong></span> <span class='ocrx_word' id='word_1_214' title='bbox 1463 2747 1639 2790; x_wconf 91' lang='lat' dir='ltr'><strong>mors</strong></span> <span class='ocrx_word' id='word_1_215' title='bbox 1708 2725 1851 2808; x_wconf 87' lang='lat' dir='ltr'><strong>ipsa</strong></span> <span class='ocrx_word' id='word_1_216' title='bbox 1911 2746 2124 2790; x_wconf 84' lang='lat' dir='ltr'><strong>meam</strong></span> 
     </span>
     <span class='ocr_line' id='line_1_29' title="bbox 211 2812 2122 2899; baseline -0.001 -20"><span class='ocrx_word' id='word_1_217' title='bbox 211 2814 518 2899; x_wconf 86' lang='lat' dir='ltr'><strong>pietatem</strong></span> <span class='ocrx_word' id='word_1_218' title='bbox 563 2834 971 2898; x_wconf 82' lang='lat' dir='ltr'><strong>amoremque</strong></span> <span class='ocrx_word' id='word_1_219' title='bbox 1024 2813 1096 2877; x_wconf 95' lang='lat' dir='ltr'><strong>in</strong></span> <span class='ocrx_word' id='word_1_220' title='bbox 1138 2817 1206 2878; x_wconf 85' lang='lat' dir='ltr'><strong>te</strong></span> <span class='ocrx_word' id='word_1_221' title='bbox 1257 2813 1462 2880; x_wconf 73' lang='lat' dir='ltr'><strong>facile·</strong></span> <span class='ocrx_word' id='word_1_222' title='bbox 1494 2812 1889 2878; x_wconf 77' lang='lat' dir='ltr'><strong>defenderet:</strong></span> <span class='ocrx_word' id='word_1_223' title='bbox 1947 2824 2122 2878; x_wconf 72' lang='lat' dir='ltr'><strong>num</strong></span> 
     </span>
     <span class='ocr_line' id='line_1_30' title="bbox 212 2900 2121 2991; baseline -0.001 -24"><span class='ocrx_word' id='word_1_224' title='bbox 212 2903 528 2987; x_wconf 79' lang='lat' dir='ltr'><strong>commisi,</strong></span> <span class='ocrx_word' id='word_1_225' title='bbox 571 2906 646 2966; x_wconf 84' lang='lat' dir='ltr'><strong>ut</strong></span> <span class='ocrx_word' id='word_1_226' title='bbox 688 2916 792 2966; x_wconf 89' lang='lat' dir='ltr'><strong>me</strong></span> <span class='ocrx_word' id='word_1_227' title='bbox 835 2901 982 2967; x_wconf 78' lang='lat' dir='ltr'><strong>vivo</strong></span> <span class='ocrx_word' id='word_1_228' title='bbox 1030 2922 1305 2991; x_wconf 77' lang='lat' dir='ltr'><strong>careres,</strong></span> <span class='ocrx_word' id='word_1_229' title='bbox 1348 2902 1498 2967; x_wconf 81' lang='lat' dir='ltr'><strong>vivo</strong></span> <span class='ocrx_word' id='word_1_230' title='bbox 1542 2914 1643 2987; x_wconf 82' lang='lat' dir='ltr'><strong>me</strong></span> <span class='ocrx_word' id='word_1_231' title='bbox 1689 2900 1830 2966; x_wconf 68' lang='lat' dir='ltr'><strong>aliis</strong></span> <span class='ocrx_word' id='word_1_232' title='bbox 1874 2901 2121 2988; x_wconf 77' lang='lat' dir='ltr'><strong>indige-</strong></span> 
     </span>
     <span class='ocr_line' id='line_1_31' title="bbox 209 2989 2121 3075; baseline 0 -21"><span class='ocrx_word' id='word_1_233' title='bbox 209 3012 312 3055; x_wconf 91' lang='lat' dir='ltr'><strong>res</strong></span> <span class='ocrx_word' id='word_1_234' title='bbox 321 3042 340 3075; x_wconf 93' lang='lat'><strong>,</strong></span> <span class='ocrx_word' id='word_1_235' title='bbox 400 3013 545 3056; x_wconf 91' lang='lat' dir='ltr'><strong>mea</strong></span> <span class='ocrx_word' id='word_1_236' title='bbox 605 3012 732 3056; x_wconf 83' lang='lat' dir='ltr'><strong>vox</strong></span> <span class='ocrx_word' id='word_1_237' title='bbox 791 2990 863 3054; x_wconf 92' lang='lat' dir='ltr'><strong>in</strong></span> <span class='ocrx_word' id='word_1_238' title='bbox 925 2989 1291 3056; x_wconf 76' lang='lat' dir='ltr'><strong>domesticis</strong></span> <span class='ocrx_word' id='word_1_239' title='bbox 1353 2989 1660 3074; x_wconf 44' lang='lat' dir='ltr'><strong>periculis&lt;</strong></span> <span class='ocrx_word' id='word_1_240' title='bbox 1713 2989 2121 3075; x_wconf 79' lang='lat' dir='ltr'><strong>potissimum</strong></span> 
     </span>
     <span class='ocr_line' id='line_1_32' title="bbox 209 3064 2118 3163; baseline -0.001 -19"><span class='ocrx_word' id='word_1_241' title='bbox 209 3079 552 3163; x_wconf 91' lang='lat' dir='ltr'><strong>occideret,</strong></span> <span class='ocrx_word' id='word_1_242' title='bbox 612 3100 775 3163; x_wconf 89' lang='lat' dir='ltr'><strong>quae</strong></span> <span class='ocrx_word' id='word_1_243' title='bbox 822 3100 1011 3163; x_wconf 84' lang='lat' dir='ltr'><strong>saepe</strong></span> <span class='ocrx_word' id='word_1_244' title='bbox 1057 3067 1465 3144; x_wconf 84' lang='lat' dir='ltr'><strong>alienissimis</strong></span> <span class='ocrx_word' id='word_1_245' title='bbox 1510 3064 1830 3162; x_wconf 76' lang='lat' dir='ltr'><strong>praesidio</strong></span> <span class='ocrx_word' id='word_1_246' title='bbox 1875 3078 2118 3144; x_wconf 78' lang='lat' dir='ltr'><strong>fuisset.</strong></span> 
     </span>
     <span class='ocr_line' id='line_1_33' title="bbox 207 3164 2120 3251; baseline 0.001 -21"><span class='ocrx_word' id='word_1_247' title='bbox 207 3164 399 3250; x_wconf 88' lang='lat' dir='ltr'><strong>Nam,</strong></span> <span class='ocrx_word' id='word_1_248' title='bbox 443 3165 615 3250; x_wconf 90' lang='lat' dir='ltr'><strong>quod</strong></span> <span class='ocrx_word' id='word_1_249' title='bbox 661 3167 742 3231; x_wconf 86' lang='lat' dir='ltr'><strong>ad</strong></span> <span class='ocrx_word' id='word_1_250' title='bbox 785 3170 851 3231; x_wconf 91' lang='lat' dir='ltr'><strong>te</strong></span> <span class='ocrx_word' id='word_1_251' title='bbox 897 3168 1091 3250; x_wconf 71' lang='lat' dir='ltr'><strong>pueri·</strong></span> <span class='ocrx_word' id='word_1_252' title='bbox 1125 3168 1263 3232; x_wconf 90' lang='lat' dir='ltr'><strong>sine</strong></span> <span class='ocrx_word' id='word_1_253' title='bbox 1307 3167 1541 3232; x_wconf 87' lang='lat' dir='ltr'><strong>litteris</strong></span> <span class='ocrx_word' id='word_1_254' title='bbox 1586 3170 1921 3250; x_wconf 84' lang='lat' dir='ltr'><strong>venerunt,</strong></span> <span class='ocrx_word' id='word_1_255' title='bbox 1967 3189 2120 3251; x_wconf 87' lang='lat' dir='ltr'><strong>quo·</strong></span> 
     </span>
     <span class='ocr_line' id='line_1_34' title="bbox 208 3252 2120 3338; baseline 0.002 -22"><span class='ocrx_word' id='word_1_256' title='bbox 208 3252 385 3316; x_wconf 89' lang='lat' dir='ltr'><strong>niam</strong></span> <span class='ocrx_word' id='word_1_257' title='bbox 448 3253 624 3319; x_wconf 82' lang='lat' dir='ltr'><strong>vides</strong></span> <span class='ocrx_word' id='word_1_258' title='bbox 687 3276 824 3319; x_wconf 92' lang='lat' dir='ltr'><strong>non</strong></span> <span class='ocrx_word' id='word_1_259' title='bbox 883 3254 1083 3319; x_wconf 87' lang='lat' dir='ltr'><strong>fuisse</strong></span> <span class='ocrx_word' id='word_1_260' title='bbox 1146 3255 1546 3321; x_wconf 84' lang='lat' dir='ltr'><strong>iracundiam</strong></span> <span class='ocrx_word' id='word_1_261' title='bbox 1600 3276 1887 3338; x_wconf 88' lang='lat' dir='ltr'><strong>causam,</strong></span> <span class='ocrx_word' id='word_1_262' title='bbox 1951 3258 2120 3320; x_wconf 87' lang='lat' dir='ltr'><strong>certe</strong></span> 
     </span>
    </p>
   </div>
   <div class='ocr_carea' id='block_1_5' title="bbox 209 3405 2117 3552">
    <p class='ocr_par' dir='ltr' id='par_1_6' title="bbox 209 3405 2117 3552">
     <span class='ocr_line' id='line_1_35' title="bbox 348 3405 2117 3481; baseline 0.003 -22"><span class='ocrx_word' id='word_1_263' title='bbox 348 3405 452 3474; x_wconf 87' lang='lat' dir='ltr'><strong>Ep.</strong></span> <span class='ocrx_word' id='word_1_264' title='bbox 499 3414 557 3474; x_wconf 85' lang='lat'><strong>3,</strong></span> <span class='ocrx_word' id='word_1_265' title='bbox 601 3414 649 3462; x_wconf 86' lang='lat'><strong>1.</strong></span> <span class='ocrx_word' id='word_1_266' title='bbox 720 3410 884 3480; x_wconf 74' lang='lat' dir='ltr'><strong>„Eyo</strong></span> <span class='ocrx_word' id='word_1_267' title='bbox 923 3452 935 3466; x_wconf 91' lang='lat'><strong>.</strong></span> <span class='ocrx_word' id='word_1_268' title='bbox 967 3453 979 3465; x_wconf 89' lang='lat'><strong>.</strong></span> <span class='ocrx_word' id='word_1_269' title='bbox 1012 3454 1023 3466; x_wconf 94' lang='lat'><strong>.</strong></span> <span class='ocrx_word' id='word_1_270' title='bbox 1070 3411 1425 3468; x_wconf 76' lang='lat' dir='ltr'><strong>noluerim?“</strong></span> <span class='ocrx_word' id='word_1_271' title='bbox 1479 3413 1627 3481; x_wconf 88' lang='lat' dir='ltr'><strong>(W.).</strong></span> <span class='ocrx_word' id='word_1_272' title='bbox 1718 3411 1846 3481; x_wconf 72' lang='lat' dir='ltr'><strong>qu</strong></span> <span class='ocrx_word' id='word_1_273' title='bbox 1885 3453 1897 3467; x_wconf 92' lang='lat'><em>.</em></span> <span class='ocrx_word' id='word_1_274' title='bbox 1928 3452 1941 3465; x_wconf 91' lang='lat'><strong>.</strong></span> <span class='ocrx_word' id='word_1_275' title='bbox 1974 3453 1985 3465; x_wconf 94' lang='lat'><strong>.</strong></span> <span class='ocrx_word' id='word_1_276' title='bbox 2025 3426 2117 3465; x_wconf 75' lang='lat' dir='ltr'><strong>no·</strong></span> 
     </span>
     <span class='ocr_line' id='line_1_36' title="bbox 209 3473 2112 3552; baseline 0.004 -25"><span class='ocrx_word' id='word_1_277' title='bbox 209 3473 442 3529; x_wconf 76' lang='lat' dir='ltr'><strong>luerim?</strong></span> <span class='ocrx_word' id='word_1_278' title='bbox 478 3479 670 3548; x_wconf 84' lang='lat' dir='ltr'><strong>vngo.</strong></span> <span class='ocrx_word' id='word_1_279' title='bbox 746 3486 794 3533; x_wconf 83' lang='lat'><strong>2.</strong></span> <span class='ocrx_word' id='word_1_280' title='bbox 832 3497 944 3550; x_wconf 75' lang='lat' dir='ltr'><strong>qua</strong></span> <span class='ocrx_word' id='word_1_281' title='bbox 978 3484 1042 3538; x_wconf 81' lang='lat' dir='ltr'><strong>in</strong></span> <span class='ocrx_word' id='word_1_282' title='bbox 1076 3499 1137 3538; x_wconf 81' lang='lat' dir='ltr'><strong>re</strong></span> <span class='ocrx_word' id='word_1_283' title='bbox 1162 3485 1389 3552; x_wconf 82' lang='lat' dir='ltr'><strong>peccavi</strong></span> <span class='ocrx_word' id='word_1_284' title='bbox 1425 3485 1531 3552; x_wconf 91' lang='lat' dir='ltr'><strong>(c.).</strong></span> <span class='ocrx_word' id='word_1_285' title='bbox 1604 3498 1771 3552; x_wconf 60' lang='lat' dir='ltr'><strong>quare</strong></span> <span class='ocrx_word' id='word_1_286' title='bbox 1805 3481 1899 3549; x_wconf 68' lang='lat' dir='ltr'><strong>M„</strong></span> <span class='ocrx_word' id='word_1_287' title='bbox 1928 3481 2112 3550; x_wconf 80' lang='lat' dir='ltr'><strong>vulgo.</strong></span> 
     </span>
    </p>
   </div>
  </div>
 </body>
</html>
