2338 3691
142 128 145 133 A
234 143 365 208 374
801 139 875 193 M.
916 137 1167 194 TULLn
1204 135 1586 193 CICERONIS

234 288 587 356 terroribus
634 286 715 350 ab
763 284 979 349 officio
1028 287 1141 349 aut
1196 284 1278 348 ab
1324 283 1728 348 humanitate
1775 282 2156 367 desciscam3

235 397 590 461 numquam
627 373 800 439 enim
833 372 1177 439 honestam
1211 375 1487 438 mortem
1521 372 1916 458 fugiendam,
1961 394 2155 457 saepe

238 467 433 532 etiam
479 461 908 548 oppetendam
961 461 1202 546 putavi.
1294 459 1420 527 Sed
1474 461 1626 546 quid
1679 461 1839 527 mihi
1894 482 2153 526 suscen-

240 558 402 637 sent,
447 553 503 618 si
546 553 612 617 id
660 555 842 635 opto,
887 554 961 616 ut
1005 550 1337 635 poeniteat
1381 571 1490 616 eos
1546 549 1647 616 sui
1699 549 1901 615 facti?
1961 551 2153 635 cupio

238 644 412 709 enim
458 639 750 707 Caesaris
781 643 1069 705 mortem
1115 639 1414 704 omnibus
1461 661 1599 704 esse
1646 640 1961 704 acerbam.
2025 639 2156 724 „At

240 732 439 797 debeo
486 753 604 814 pro
651 729 822 795 civili
866 732 1049 813 parte
1093 750 1231 793 rem
1273 728 1598 813 publicam
1643 728 1805 793 velle
1851 727 2156 793 salvam.“

238 820 315 885 Id
362 819 618 905 quidem
664 840 764 884 me
812 839 1060 902 cupere,
1104 817 1234 882 nisi
1278 820 1344 881 et
1389 821 1539 882 ante
1585 820 1730 882 acta
1776 817 1909 882 vita
1955 821 2022 882 et
2055 839 2152 882 re-

238 909 415 994 liqua
458 930 603 973 mea
648 930 793 993 spes
837 909 1093 972 tacente
1138 928 1241 971 me
1286 906 1537 1008 probat,
1582 905 1852 971 dicendo
1894 907 2152 970 vincere

169 1012 201 1060 5
239 1020 375 1065 non
427 998 704 1083 postulo.
793 995 1003 1073 Quare
1057 995 1366 1061 maiorem
1417 996 1489 1059 in
1543 995 1807 1060 modum
1858 998 1924 1060 te
1968 1015 2153 1082 rog0,

238 1090 314 1152 ut
357 1109 493 1152 rem
537 1086 856 1171 potiorem
902 1085 1195 1150 oratione
1242 1085 1437 1149 ducas
1483 1084 1792 1169 mihique,
1847 1084 1902 1149 si
1948 1085 2153 1150 sentis

240 1176 533 1260 expedire
597 1179 768 1240 recte
830 1175 998 1258 fieri,
1050 1174 1273 1238 credas
1326 1174 1573 1238 nullam
1632 1173 2154 1239 communionem

240 1286 385 1330 cum
446 1265 758 1350 improbis
822 1285 962 1328 esse
1023 1284 1234 1348 posse.
1339 1261 1477 1347 An,
1540 1263 1711 1347 quod
1775 1262 2153 1328 adolescens

239 1354 559 1439 praestiti,
613 1375 812 1438 quum
858 1352 1052 1418 etiam
1097 1373 1309 1417 errare
1357 1372 1503 1417 cum
1549 1351 1956 1419 excusatione
2001 1374 2151 1437 pos·

241 1465 393 1529 sem,
437 1443 504 1508 id
547 1464 722 1508 nunc
768 1445 978 1507 aetate
1023 1441 1447 1526 praecipitata
1492 1445 1879 1508 commutem
1926 1462 2001 1505 ac
2046 1464 2151 1506 me

239 1533 376 1616 ipse
419 1531 746 1597 retexam?
831 1529 985 1597 Non
1028 1530 1267 1596 faciam
1309 1552 1536 1616 neque,
1580 1530 1751 1615 quod
1798 1530 2153 1616 displiceat,

240 1621 665 1704 committam,
716 1623 1168 1705 praeterquam
1221 1620 1393 1703 quod
1448 1620 1730 1685 hominis
1784 1618 1944 1684 mihi
1996 1641 2149 1685 con·

238 1709 623 1773 iunctissimi
668 1730 742 1773 ac
787 1709 909 1774 viri
944 1709 1324 1792 amplissimi
1369 1708 1556 1774 doleo
1603 1729 1864 1794 gravem
1910 1730 2149 1774 casum.

240 1796 424 1873 Quod
471 1798 526 1863 si
572 1798 758 1863 aliter
802 1819 1005 1864 essem
1043 1797 1385 1882 animatUS,
1428 1818 1801 1883 numquam,
1846 1797 2016 1884 quod
2052 1797 2149 1863 fa-

240 1908 466 1970 cerem,
510 1908 834 1973 negarem,
878 1909 961 1952 ne
1007 1891 1074 1952 et
1115 1888 1188 1952 in
1230 1887 1556 1972 peccando
1602 1888 1933 1972 improbus
1971 1890 2038 1951 et
2075 1888 2150 1952 in

168 1989 202 2038 6
240 1974 702 2040 dissimulando
765 1976 1028 2042 timidus
1093 1998 1167 2042 ac
1229 1999 1436 2041 vanus
1499 1977 1913 2042 existimarer.
2017 1975 2151 2060 „At

237 2063 452 2149 ludos,
524 2086 685 2149 quos
751 2063 1042 2130 Caesaris
1104 2066 1410 2131 victoriae
1475 2063 1713 2132 Caesar
1774 2065 2149 2131 adolescens

237 2152 409 2237 fecit,
453 2152 726 2219 curavi.“
795 2152 888 2218 At
930 2154 995 2218 id
1041 2154 1123 2218 ad
1168 2155 1492 2238 privatum
1537 2154 1838 2240 officium,
1881 2175 2016 2220 non
2062 2157 2147 2220 ad

240 2244 479 2306 statum
524 2242 618 2307 rei
663 2242 955 2326 publicae
994 2243 1301 2327 pertinet3
1348 2243 1517 2327 quod
1553 2247 1774 2308 tamen
1808 2264 2042 2309 munus
2079 2249 2149 2309 et
2205 2321 2210 2324 .

236 2330 519 2395 hominis
555 2331 925 2395 amicissimi
960 2331 1306 2397 memoriae
1343 2335 1537 2415 atque
1572 2332 1925 2412 honoribus
1962 2354 2147 2416 prae-
2173 2404 2177 2408 ,

238 2423 409 2483 stare
445 2420 641 2484 etiam
677 2420 915 2485 mortui
950 2420 1142 2485 debui
1179 2423 1247 2485 et
1281 2421 1561 2505 optimae
1589 2421 1727 2506 spei
1753 2421 2148 2488 adolescenti

237 2529 312 2572 ac
376 2507 753 2593 dignissimo
819 2507 1091 2574 Caesare
1152 2509 1401 2593 petenti
1462 2530 1700 2596 negare
1753 2531 1890 2575 non
1941 2513 2146 2596 potui.

169 2610 198 2658 7
237 2595 408 2661 Veni
470 2597 667 2662 etiam
729 2598 1011 2663 consulis
1055 2596 1332 2663 Antonii
1393 2597 1655 2665 domum
1719 2620 1910 2684 saepe
1974 2602 2145 2666 salu·

235 2685 419 2749 tandi
454 2706 673 2770 causa3
719 2687 800 2750 ad
839 2708 1047 2771 quem,
1091 2687 1202 2770 qui
1238 2709 1341 2752 me
1376 2709 1605 2772 parum
1640 2690 1887 2773 patriae
1922 2710 2144 2755 aman-

235 2778 367 2839 tem
431 2795 568 2839 esse
632 2775 1027 2858 existimant,
1090 2776 1367 2861 rogandi
1422 2776 1680 2861 quidem
1733 2777 1975 2862 aliquid
2029 2784 2146 2845 aut

236 2863 569 2928 auferendi
614 2884 809 2928 causa
851 2864 1224 2948 frequentes
1267 2865 1584 2932 ventitare
1628 2867 1925 2951 reperies.
2015 2867 2144 2934 Sed

236 2973 399 3035 quae
453 2952 613 3020 haec
667 2956 767 3017 est
820 2953 1219 3038 arrogantia,
1273 2954 1444 3038 quod
1500 2953 1737 3020 Caesar
1790 2978 2144 3041 numquam

232 3040 686 3138 interpellavit,
731 3042 907 3125 quin,
951 3041 1183 3126 quibus
1228 3043 1459 3108 vellem
1504 3046 1697 3129 atque
1740 3045 1934 3110 etiam
1980 3067 2142 3130 quos

233 3127 370 3228 ipse
413 3149 551 3194 non
596 3129 932 3215 diligebat,
984 3135 1207 3196 tamen
1250 3130 1330 3195 iis
1375 3135 1606 3217 uterer,
1651 3153 1781 3218 eos,
1826 3133 1936 3218 qui
1981 3136 2144 3201 mihi

234 3215 509 3280 amicum
572 3218 971 3302 eripuerunt,
1034 3219 1356 3305 carpendo
1419 3243 1523 3286 me
1586 3221 1839 3288 efficere
1901 3226 2143 3309 conari,

162 3321 197 3369 8
233 3321 335 3384 ne,
381 3323 540 3385 quos
586 3307 795 3390 velim,
841 3307 1147 3393 diligam?
1240 3307 1366 3374 Sed
1419 3332 1552 3377 non
1597 3333 1847 3395 vereor,
1898 3333 1982 3377 ne
2028 3318 2145 3379 aut

232 3409 412 3452 mea-e
456 3391 634 3455 vitae
688 3396 1003 3461 modestia
1059 3406 1289 3481 parum
1344 3399 1622 3466 valitura
1677 3401 1762 3465 sit
1812 3402 1884 3467 in
1927 3407 2140 3503 poste·

231 3498 375 3540 rum
421 3482 647 3543 contra
691 3482 889 3549 falsos
926 3507 1235 3573 rumores,
1280 3492 1395 3553 aut
1429 3510 1512 3556 ne
1551 3489 1745 3554 etiam
1777 3490 1844 3575 ii,
1890 3491 2002 3577 qui
2037 3512 2140 3556 me
