2338 3691
533 146 1054 203 Erls'rorARuM
1080 144 1181 201 An
1212 143 1273 212 Q.
1306 132 1676 204 FRATREM
1698 152 1739 204 1.
1764 156 1813 205 3.
2006 149 2139 218 585

215 291 483 378 pigritia
525 292 653 357 fuit
697 295 763 357 et
806 292 1122 377 quaedam
1164 285 1427 356 infinita
1472 294 1569 358 vis
1620 294 2026 358 lacrimarum
2072 297 2138 359 et

219 381 532 447 dolorum.
604 379 785 446 Haec
828 382 970 466 ipsa
1013 402 1116 445 me
1162 403 1290 465 quo
1335 378 1493 446 fletu
1528 386 1722 465 putas
1760 381 2134 466 scripsisse?

219 469 478 554 eodem,
522 490 649 554 quo
693 473 760 533 te
804 470 1021 555 legere
1072 474 1244 534 certe
1290 469 1442 535 scio.
1539 470 1649 535 An
1701 490 1823 555 ego
1868 487 2134 555 possum

222 562 335 622 aut
377 579 516 623 non
561 559 847 644 cogitare
894 558 1240 642 aliquando
1278 558 1358 623 de
1393 562 1459 622 te
1497 562 1611 623 aut
1643 573 1949 642 umquam
1995 559 2134 623 sine

218 647 501 711 lacrimis
548 646 878 732 cogitare?
933 668 1131 731 quum
1178 647 1350 711 enim
1392 651 1459 711 te
1506 646 1823 731 desidero,
1865 647 2134 711 fratrem

222 736 431 800 solum
484 734 845 822 desidero?
882 755 1005 821 ego
1068 755 1221 800 vero
1278 736 1594 801 suavitate
1647 751 1848 820 prope
1904 755 2133 819 aequa-

220 824 376 908 lem,
430 823 738 908 obsequio
783 824 1013 908 filium,
1058 824 1329 890 consilio
1375 827 1736 909 parentem3
1779 824 1935 908 quid
1974 823 2135 888 mihi

224 912 363 976 sine
415 916 481 976 te
534 927 841 996 umquam
895 915 1011 977 aut
1051 913 1175 977 tibi
1220 913 1361 977 sine
1413 929 1517 977 me
1570 913 1920 977 iucundum
1964 911 2134 976 fuit?

223 999 419 1085 Quid,
481 1001 653 1085 quod
717 1001 940 1066 eodem
992 1004 1283 1085 tempore
1348 1000 1636 1067 desidero
1699 1000 1943 1065 filiam?
2008 1022 2136 1084 qua

222 1089 492 1174 pietate,
546 1103 693 1174 qua
726 1089 1069 1174 modestia,
1123 1112 1252 1174 quo
1308 1071 1598 1174 ingenio!
1664 1090 1943 1175 effigiem
1989 1090 2136 1173 oris,

226 1179 558 1262 sermonis,
604 1179 803 1242 animi
848 1179 990 1243 mei.
1080 1178 1124 1258 †
1151 1177 1319 1254 Quid
1364 1177 1570 1243 filium
1613 1178 2135 1243 venustissimum

221 1265 509 1351 mihique
554 1265 1037 1332 dulcissimum?
1083 1285 1274 1351 quem
1318 1285 1440 1352 ego
1486 1267 1662 1331 ferus
1700 1287 1775 1332 ac
1817 1267 2064 1332 ferreus
2101 1287 2136 1330 e

224 1357 562 1439 complexu
618 1355 831 1420 dimisi
884 1375 1056 1439 meo,
1111 1356 1567 1440 sapientiorem
1618 1371 1889 1440 puerum
1943 1374 2138 1439 quam

224 1444 452 1509 vellem
465 1494 483 1527 ,
546 1444 868 1508 sentiebat
929 1406 1102 1508 eniin
1146 1445 1342 1509 miser
1391 1444 1550 1528 iam,
1614 1444 1766 1527 quid
1821 1447 2138 1530 ageretur.

224 1534 267 1611 †
313 1531 481 1608 Quid
525 1553 678 1597 vero
721 1536 908 1597 tuum
968 1532 1203 1617 filium,
1263 1533 1615 1618 imaginem
1676 1537 1884 1617 tuam,
1947 1553 2138 1617 quem

178 1633 185 1642 ‘
224 1642 404 1686 meus
451 1619 673 1686 Cicero
719 1624 789 1685 et
831 1621 1092 1685 amabat
1143 1625 1220 1686 nt
1270 1621 1540 1686 fratrem
1594 1624 1660 1686 et
1711 1621 1843 1685 iam
1886 1623 1962 1685 ut
2005 1641 2138 1684 ma·

224 1710 426 1775 iorem
489 1710 759 1774 fratrem
819 1709 1207 1775 verebatur?
1315 1708 1507 1794 Quid,
1571 1709 1742 1794 quod
1805 1709 2137 1773 mulierem

225 1798 677 1883 miserrimam,
738 1797 1178 1864 fidelissimam
1242 1799 1610 1884 coniugem,
1670 1818 1772 1863 me
1836 1797 2139 1883 prosequi

226 1909 362 1953 non
409 1909 549 1952 sum
594 1909 847 1973 passus,
889 1891 965 1952 ut
999 1891 1188 1971 esset,
1233 1908 1396 1971 quae
1431 1888 1735 1972 reliquias
1781 1887 2138 1953 communis

2169 405 2195 445 3

228 1977 641 2060 calamitatis,
703 1990 1075 2042 communes
1135 1977 1373 2042 liberos
1435 1975 1766 2042 tueretur?
1856 1975 1981 2041 Sed
2043 1980 2137 2040 ta-
2165 1995 2194 2034 ι

227 2086 699 2216 ῗιθιίἰῶιιοφιο
745 2062 1187 2218 ιηὲξοήροίῑὲἰ,
1230 2065 1456 2150 scripsi
1491 2065 1738 2218 etrdgdi
1748 2066 2021 2218 tliiktteras
2034 2063 2140 2217 tad

229 2172 743 2324 rgdffitaeoggsigg,
802 2242 873 2306 in
897 2174 1206 2326 eqvssibuso
1215 2174 1549 2306 ,idgpaastec
1572 2173 1801 2305 liosstor
1847 2173 2142 2325 etpssggeg,

234 2329 407 2413 quod
451 2329 635 2413 pueri
679 2329 798 2393 tibi
842 2331 1054 2395 verbis
1100 2330 1262 2395 meis
1300 2331 1704 2413 nuntiarunt,
1748 2333 1823 2393 ut
1866 2327 2142 2393 Romam

227 2418 530 2502 protinus
573 2436 806 2504 pergas
853 2421 919 2482 et
962 2439 1292 2504 properes:
1336 2419 1616 2502 primum
1652 2417 1825 2482 enim
1859 2420 1925 2481 te
1961 2438 2141 2502 prae-

230 2505 394 2571 sidio
441 2518 580 2572 esse
624 2507 818 2591 volui,
864 2507 920 2571 si
964 2507 1076 2591 qui
1120 2510 1339 2572 essent
1379 2506 1641 2592 inimici,
1686 2520 1958 2590 quorum
2005 2527 2142 2570 cru·

230 2594 461 2660 delitas
531 2595 823 2660 nondum
894 2599 1066 2660 esset
1142 2599 1371 2661 nostra
1442 2595 1806 2659 calamitate
1880 2594 2144 2678 satiata3

231 2683 461 2748 deinde
515 2700 900 2768 congressus
953 2684 1162 2748 nostri
1225 2684 1754 2748 lamentationem
1815 2682 2146 2767 pertimui3

233 2771 594 2856 digressum
640 2792 793 2837 vero
829 2792 964 2836 non
999 2773 1309 2857 tulissem,
1355 2775 1548 2855 atque
1584 2772 1778 2835 etiam
1813 2771 1880 2834 id
1914 2771 2145 2853 ipsum,

235 2859 406 2943 quod
450 2863 524 2924 tu
569 2858 821 2939 scribis,
876 2861 1268 2945 metuebam,
1320 2878 1403 2924 ne
1461 2881 1503 2924 a
1546 2880 1648 2924 me
1695 2858 1965 2923 distrahi
2009 2880 2144 2923 non

231 2968 475 3031 posses.
562 2946 687 3013 His
731 2948 810 3013 de
856 2949 1067 3014 causis
1105 2948 1231 3015 hoc
1275 2948 1625 3013 maximum
1668 2948 1929 3031 malum,
1973 2945 2145 3031 quod

378 3139 480 3209 Ep.
520 3146 569 3209 3,
599 3146 650 3195 3.
723 3144 861 3196 certe
893 3142 1005 3197 scio
1049 3141 1275 3211 (MRIU)
1367 3145 1508 3197 certo
1542 3156 1584 3196 ε.
1634 3141 1823 3211 vulgo
1862 3169 1929 3179 —
1964 3141 2145 3194 suavi-

233 3214 346 3268 tate
379 3224 558 3279 prope
601 3213 878 3281 aequalem
922 3211 1247 3280 (Petrarcha
1280 3210 1827 3281 Ep.10⁷,fortasse
1864 3225 1931 3264 ex
1968 3210 2146 3264 altero

235 3280 431 3336 codice
462 3281 576 3349 Μ..)
649 3297 692 3336 s.
722 3292 898 3352 prope
931 3283 1160 3349 fratrem
1199 3294 1374 3351 prope
1417 3297 1527 3350 aeq
1573 3280 1740 3335 MRI.
1830 3295 1872 3334 s.
1915 3281 2148 3363 fratrem

439 3351 707 3422 aeq.Em
711 3352 1085 3421 .‚B—mei.
1139 3351 1747 3422 quidfiliumffl..)
1821 3352 1940 3404 mei.
1991 3350 2149 3420 Quod

222 3368 305 3489 fir
410 3426 443 3491 .)
472 3425 575 3478 aut
598 3424 718 3477 mei.
778 3423 944 3493 Quid,
978 3424 1125 3492 quod
1147 3424 1190 3490 f.
1219 3423 1343 3493 (Lu)
1381 3452 1448 3462 -—
1490 3422 1649 3491 Quod
1672 3435 1796 3474 vero
1823 3425 1980 3473 tuum
2016 3419 2146 3487 (W.)

230 3496 339 3547 aut
377 3493 527 3564 Quid
561 3512 631 3561 v.,
668 3496 813 3564 quod
849 3499 885 3548 t.
927 3494 1049 3564 (L..)

2103 3580 2116 3592 '
2183 3594 2285 3646 Δ
