2338 3691
220 113 353 177 446
789 114 865 166 M.
906 111 1152 167 TULLII
1188 109 1571 167 CICERONIS

223 259 477 341 simum,
512 279 648 323 non
683 257 763 322 iis
797 256 990 322 modo
1019 256 1250 340 causiS,
1285 277 1449 340 quae
1478 255 1757 340 speeiem
1782 254 1825 334 †
1850 253 2144 319 habeant

222 368 501 432 magnae
548 345 1048 429 coniunctioniS,
1103 344 1216 410 sed
1259 345 1341 408 iis
1386 344 1608 428 etiam,
1655 364 1818 428 quae
1862 341 2140 407 familia·

223 436 415 499 ritate
480 437 545 499 et
607 433 1070 499 consuetudine
1132 435 1470 517 tenentur,
1532 453 1727 517 quam
1791 431 1915 496 seis
1979 430 2141 495 mihi

222 522 752 588 iucundissimam
806 543 951 587 cum
1014 526 1199 606 patre
1252 524 1369 587 tuo
1424 524 1491 586 et
1548 541 1866 586 summam
1911 519 2143 601 fuisse3

225 611 308 676 ab
370 612 475 676 his
536 612 739 676 initiis
792 613 1015 676 noster
1075 611 1147 674 in
1208 613 1275 675 te
1339 631 1521 674 amor
1573 609 1900 693 profectus
1960 607 2143 672 auxit

224 703 563 785 paternam
606 699 1146 765 necessitudinem
1192 702 1258 763 et
1315 720 1392 765 eo
1436 697 1672 783 magis,
1726 697 1899 781 quod
1949 696 2141 760 intel-

224 788 377 870 lexi,
439 792 515 853 ut
575 789 856 874 primum
904 809 1034 873 *per
1077 790 1358 852 aetatem
1407 786 1716 852 iudicium
1766 786 1980 850 faeere
2026 806 2140 869 po·

224 877 444 960 tueriS,
488 878 717 962 quanti
761 876 1030 961 quisque
1074 876 1196 940 tibi
1230 875 1565 940 faciendus
1609 877 1797 956 esset,
1840 895 1944 939 me
1990 894 2033 937 a
2074 876 2141 937 te

225 966 297 1030 in
340 966 565 1050 primis
610 968 910 1051 coeptum
955 986 1093 1029 esse
1131 964 1477 1048 observari,
1522 963 1665 1047 ooli,
1709 961 1921 1047 diligi3
1964 982 2141 1026 acoe-

226 1054 422 1119 debat
492 1076 629 1120 non
699 1054 1019 1119 mediocre
1090 1053 1422 1118 vinculum
1493 1074 1692 1137 quum
1763 1048 2143 1134 studiorum,

228 1143 400 1227 quod
442 1143 656 1228 ipsum
692 1146 792 1207 est
824 1164 941 1227 per
976 1162 1046 1207 se
1081 1162 1298 1228 grave,
1341 1145 1482 1213 tum
1520 1161 1740 1205 eorum
1779 1138 2142 1241 studiorum

226 1236 2142 1402 ῗὲἑῗὲῗὲᾭᾱῖἘἘᾎιῗῖἴῗῆἐθἓαξῖῑιῖξὲξῶοέὲγὲῗῑηΐι

158 1425 191 1476 2
226 1407 618 1493 Exspectare
679 1412 746 1474 te
808 1408 1114 1492 arbitror,
1184 1408 1346 1473 haec
1403 1411 1540 1471 tam
1607 1407 1804 1492 longe
1864 1405 2142 1490 repetita

228 1498 546 1583 principia
581 1519 708 1583 quo
747 1500 1064 1582 spectent:
1108 1496 1178 1561 id
1213 1496 1492 1581 primum
1521 1515 1676 1581 ergo
1711 1494 1971 1577 habeto,
2006 1514 2142 1560 non

230 1586 368 1652 sine
413 1607 654 1673 magna
696 1586 992 1670 iustaque
1046 1607 1241 1650 eausa
1292 1585 1463 1649 hane
1517 1606 1558 1648 a
1601 1605 1703 1650 me
1758 1603 2142 1651 commemo-

228 1676 548 1741 rationem
593 1696 732 1740 esse
775 1675 1033 1739 factam.
1123 1672 1193 1739 C.
1238 1672 1431 1738 Ateio
1478 1669 1794 1757 Capitone
1851 1675 2004 1738 utor
2046 1670 2142 1736 fa-

230 1764 677 1829 miliarissime.
764 1761 979 1829 Notae
1040 1763 1163 1826 tibi
1228 1766 1382 1827 sunt
1443 1761 1788 1826 varietates
1850 1781 2143 1826 meorum

230 1855 619 1938 temporum:
664 1854 736 1917 in
782 1852 959 1917 omni
1004 1872 1239 1938 genere
1284 1857 1351 1916 et
1384 1852 1706 1918 honorum
1744 1854 1810 1915 et
1844 1851 2143 1917 laborum

231 1962 522 2007 meorum
567 1945 634 2006 et
677 1941 930 2006 animus
967 1944 1035 2005 et
1069 1962 1268 2026 opera
1302 1945 1369 2005 et
1406 1940 1757 2007 auotoritas
1805 1944 1871 2004 et
1913 1939 2144 2025 gratia,

231 2031 428 2095 etiam
479 2052 582 2095 res
634 2029 972 2094 familiaris
1034 2026 1104 2095 C.
1168 2027 1505 2113 Capitonis
1566 2032 1824 2114 praesto
1886 2028 2016 2093 fuit
2077 2034 2144 2091 et

161 2145 193 2192 3
230 2120 447 2203 paruit
491 2122 558 2183 et
590 2118 989 2201 temporibus
1026 2120 1093 2183 et
1124 2118 1427 2183 fortunae
1471 2139 1669 2183 meae.
1739 2116 1950 2182 Huius
1995 2138 2143 2202 pro-

230 2208 512 2291 pinquus
556 2206 684 2272 fuit
728 2205 800 2272 T.
843 2206 1189 2291 Antistius,
1234 2207 1344 2291 qui
1390 2228 1587 2290 quum
1631 2209 1805 2272 sorte
1840 2208 2145 2291 quaestor

231 2294 680 2361 Macedoniam
742 2295 1066 2360 obtineret
1132 2316 1343 2379 neque
1407 2295 1470 2359 ei
1530 2315 1895 2360 successum
1957 2297 2146 2377 esset,

231 2381 575 2468 Pompeius
637 2384 710 2448 in
762 2405 904 2448 eam
956 2385 1356 2468 provinciam
1407 2404 1554 2448 oum
1609 2383 1888 2448 exercitu
1946 2382 2144 2447 venit.

232 2470 471 2537 Facere
533 2472 858 2537 Antistius
920 2472 1086 2537 nihil
1146 2472 1387 2557 potuit3
1448 2493 1629 2555 nam,
1690 2472 1747 2536 si
1808 2471 2145 2555 potuisset,

233 2559 399 2625 nihil
443 2561 503 2625 ei
536 2561 768 2626 fuisset
802 2561 1128 2645 antiquius
1165 2582 1361 2644 quam
1397 2559 1480 2624 ad
1515 2558 1915 2644 Capitonem,
1953 2580 2144 2643 quem

233 2652 310 2713 ut
369 2653 704 2734 parentem
771 2649 1107 2735 diligebat,
1177 2648 1436 2732 reverti,
1505 2648 1883 2732 praesertim
1953 2667 2145 2730 quum

236 2738 453 2822 sciret,
517 2738 743 2824 quanti
804 2738 861 2803 is
908 2735 1248 2803 Caesarem
1308 2737 1552 2801 faceret
1614 2757 1991 2821 semperque
2052 2736 2142 2800 fe-

236 2827 454 2910 cisset3
511 2826 623 2891 sed
670 2847 1013 2911 oppressus
1065 2828 1325 2890 tantum
1370 2824 1591 2910 attigit
1633 2824 1900 2910 negotii,
1944 2845 2143 2909 quan-

163 2923 198 2970 4
235 2918 376 2979 tum
420 2936 714 2980 recusare
759 2935 895 2980 non
937 2914 1168 2999 potuit.
1248 2912 1459 2989 Quum
1504 2913 1870 2998 signaretur
1916 2907 2141 2998 arge'n-

234 3005 375 3067 tum
402 3001 808 3087 Apolloniae,
851 3023 989 3067 non
1032 3024 1299 3087 possum
1344 3001 1551 3066 dicere
1598 3022 1745 3066 eum
1788 3001 2142 3085 praefuisse

376 3242 481 3313 Ep.
519 3251 615 3313 29,
654 3253 700 3301 1.
773 3250 812 3314 †
846 3247 1082 3303 habeant
1241 3251 1491 3301 tenentur
1535 3246 1683 3317 (W.).
1785 3246 2021 3301 habeant

237 3316 524 3368 teneantur
558 3316 663 3384 (L.)
702 3320 804 3371 aut
844 3319 1042 3372 habent
1079 3358 1092 3371 .
1113 3358 1125 3371 .
1149 3360 1161 3371 .
1200 3322 1451 3372 tenentur
1498 3317 1705 3385 (Crat).
1786 3318 2021 3372 habeant
2056 3356 2069 3370 .
2091 3358 2102 3368 .
2124 3358 2137 3370 .

102 3453 123 3462 ⁹
238 3385 733 3524 miazegfflffi').
776 3393 846 3524 ἢ
864 3390 1289 3529 tesvfzgorvtglngzofn
1317 3388 1467 3459 (W.).
1531 3394 1570 3442 t.
1609 3388 1703 3442 In.
1731 3387 1918 3458 vulgo.
1991 3393 2040 3440 3.
2065 3387 2144 3453 se-
