2338 3691
209 140 340 205 622
771 138 845 193 Μ.
884 136 1130 193 TULLII
1166 134 1548 192 CICERONIS

206 286 598 371 augebimus.
687 282 785 348 De
829 282 1137 366 Pompeio
1190 285 1256 347 et
1297 281 1467 347 facio
1513 281 1858 366 diligenter
1910 284 1979 346 et
2020 282 2107 345 fa-

206 375 390 456 ciam,
434 372 604 457 quod
650 392 891 437 mones.
963 370 1151 446 Quod
1197 369 1320 435 tibi
1364 390 1510 434 mea
1552 369 1890 454 permissio
1935 391 2110 433 man-

206 462 405 527 sionis
448 465 599 526 tuae
644 462 832 543 grata
875 462 990 542 est,
1034 459 1100 523 id
1145 478 1268 544 ego
1314 479 1565 523 summo
1601 479 1745 522 meo
1793 457 2014 523 dolore
2051 461 2114 521 et

206 549 517 614 desiderio
562 551 783 613 tamen
836 568 914 612 ex
964 550 1147 631 parte
1194 545 1462 631 gaudeo,
1550 544 1630 610 In
1700 541 2111 625 Hippodamo

205 641 271 701 et
315 636 645 702 nonnullis
692 636 834 700 aliis
880 635 1274 700 arcessendis
1321 634 1475 719 quid
1522 633 1793 719 cogites,
1839 655 1976 699 non
2018 634 2110 698 in·

204 725 457 809 telligo:
511 746 702 789 nemo
756 724 1031 789 istorum
1076 725 1204 806 est,
1257 724 1368 807 qui
1413 744 1548 787 non
1606 722 1724 786 abs
1766 724 1834 786 te
1880 743 2112 787 munus

203 813 389 877 fundi
435 812 788 878 suburbani
840 812 1047 913 instar
1099 797 1439 913 exspectet.
1544 809 1920 912 Trebatium
1963 832 2111 875 vero

203 899 1988 1072 &3231303212550qfflffiassafflffizsssssffffssi{222³
2001 897 2114 1050 „33

205 1098 356 1157 nus,
410 1079 737 1162 praestare
792 1076 956 1140 nihil
1011 1076 1213 1140 debeo
1265 1079 1456 1159 teque
1508 1076 1667 1139 item
1725 1075 1807 1138 ab
1855 1096 1930 1140 eo
1979 1075 2113 1139 vin·

207 1165 350 1229 dico
398 1169 465 1228 et
505 1165 727 1230 libero.
818 1163 1004 1239 Quod
1048 1164 1273 1228 scribis
1317 1167 1383 1227 te
1430 1185 1468 1226 a
1514 1161 1785 1227 Caesare
1830 1163 2115 1246 quotidie

204 1254 352 1337 plus
398 1253 600 1338 diligi,
638 1253 1092 1318 immortaliter
1136 1252 1420 1337 gaude03
1465 1250 1744 1316 Balbum
1788 1272 1960 1334 vero,
2006 1252 2115 1335 qui

207 1345 306 1405 est
357 1342 544 1407 istius
606 1342 728 1424 rei,
792 1340 1328 1425 quemadmodum
1392 1339 1617 1404 scribis
1624 1389 1644 1423 ‚
1701 1339 1984 1423 adiutor,
2046 1340 2115 1404 in

209 1429 409 1495 oculis
453 1430 610 1495 fero.
682 1428 1074 1493 Trebonium
1119 1450 1334 1493 meum
1379 1450 1419 1492 a
1461 1431 1528 1492 te
1565 1428 1766 1493 amari
1802 1430 1996 1512 teque
2033 1428 2114 1491 ab

127 1532 179 1574 10
204 1518 317 1582 illo
380 1517 765 1603 pergaudeO.
871 1516 971 1581 De
1030 1517 1367 1582 tribunatu
1430 1515 1603 1599 quod
1667 1516 1921 1597 scribis,
1994 1536 2113 1601 ego

207 1626 358 1671 vero
405 1606 791 1671 nominatim
832 1604 1030 1690 petivi
1077 1602 1301 1669 Curtio
1311 1655 1329 1689 ,
1382 1608 1448 1668 et
1491 1604 1650 1668 mihi
1694 1604 1834 1688 ipse
1878 1602 2116 1669 Caesar

206 1694 592 1759 nominatim
619 1691 841 1758 Curtio
886 1695 1185 1777 paratum
1231 1714 1369 1757 esse
1413 1693 1741 1776 rescripsit
1779 1713 2113 1776 meamque

205 1782 276 1847 in
320 1782 613 1868 rogando
668 1780 1116 1847 verecundiam
1171 1781 1554 1867 obiurgavit.
1653 1778 1723 1847 Si
1776 1781 1880 1845 cui
1933 1802 2113 1867 prae·

204 1873 383 1935 terea
435 1872 680 1953 petiero
729 1906 813 1917 --
857 1870 924 1933 id
980 1870 1150 1953 quod
1205 1870 1400 1934 etiam
1454 1868 1665 1954 Oppio
1721 1869 1851 1933 dixi
1904 1873 1980 1935 ut
2035 1870 2114 1934 ad

205 1959 389 2023 illum
435 1958 742 2022 scriberet
786 1993 869 2004 —-
880 2008 898 2040 ,
949 1958 1138 2022 facile
1184 1959 1395 2042 patiar
1446 1956 1608 2023 mihi
1653 1958 1904 2042 negari,
1960 1980 2112 2042 quo-

206 2046 385 2110 niam
427 2044 551 2129 illi,
596 2046 707 2129 qui
750 2045 910 2109 mihi
953 2047 1210 2111 molesti
1255 2050 1433 2131 sunt,
1488 2045 1612 2110 sibi
1655 2046 1880 2130 negari
1925 2067 1970 2110 a
2013 2068 2115 2111 me

206 2154 342 2198 non
386 2133 575 2198 facile
619 2133 972 2216 patiuntur.
1069 2132 1216 2219 Ego
1272 2132 1591 2218 Curtium,
1644 2134 1711 2198 id
1765 2134 1939 2218 quod
1991 2134 2117 2218 ipsi

208 2222 356 2306 dixi,
399 2243 535 2288 non
579 2222 771 2286 modo
808 2223 1167 2307 rogatione,
1212 2222 1322 2287 sed
1360 2223 1556 2287 etiam
1590 2222 1963 2287 testimonio
1999 2226 2116 2287 tuo

207 2310 437 2394 diligo,
490 2311 661 2395 quod
714 2309 945 2374 litteris
988 2311 1118 2374 tuis
1165 2310 1449 2375 studium
1501 2311 1674 2375 illius
1727 2311 1797 2376 111
1842 2310 2122 2376 salutem

208 2401 501 2463 nostram
555 2398 743 2463 facile
789 2399 1100 2482 perspexi.
1190 2398 1290 2463 De
1335 2398 1727 2463 Britannicis
1773 2399 1966 2463 rebus
2012 2421 2119 2465 co-

207 2487 406 2570 gnovi
450 2507 529 2550 ex
570 2487 700 2550 tuis
738 2487 968 2550 litteris
1003 2486 1169 2551 nihil
1208 2508 1344 2552 esse
1381 2508 1501 2551 nec
1538 2487 1709 2571 quod
1754 2491 2120 2553 metuamus

205 2593 326 2637 nec
381 2572 552 2657 quod
608 2574 1018 2657 gaudeamus.
1105 2574 1207 2639 De
1270 2575 1545 2658 publicis
1590 2575 1869 2660 negotiis
1878 2626 1896 2658 ,
1952 2597 2121 2659 quae

207 2662 304 2726 vis
351 2662 433 2726 ad
476 2665 542 2726 te
571 2661 875 2727 Tironem
920 2662 1213 2743 scribere,
1256 2662 1691 2748 negligentius
1730 2662 1810 2726 ad
1855 2666 1921 2726 te
1965 2667 2121 2729 ante

208 2750 591 2834 scribebam,
637 2751 810 2833 quod
856 2751 1086 2815 omnia»
1119 2750 1389 2814 minima
1432 2751 1712 2816 maxima
1756 2750 1837 2815 ad
1884 2748 2120 2816 Gaesa-

207 2858 345 2902 rem
389 2839 561 2903 mitti
606 2838 901 2903 sciebam.
1432 2871 1438 2877 ·

340 2925 665 3010 Rescripsi
709 2927 1016 3010 epistolae
1062 2929 1403 3009 maximae3
1458 2927 1608 2992 audi
1653 2949 1825 2992 nunc
1872 2928 1953 2992 ad
1999 2929 2119 2992 mi-

207 3016 570 3098 nusculam,
622 3014 692 3078 in
738 3035 866 3098 qua
910 3014 1191 3098 primum
1236 3019 1336 3080 est
1379 3016 1456 3078 de
1504 3013 1713 3080 Clodii
1758 3015 1839 3080 ad
1886 3013 2118 3080 Caesa·

137 2918 171 2965 4

128 2985 178 3023 11

345 3188 447 3257 Ep.
481 3197 529 3256 1,
561 3197 612 3244 9.
667 3189 1021 3257 Hippodamo
1048 3189 1236 3259 (Son).
1309 3189 1680 3258 Hippodamus
1714 3188 2022 3258 MR1.,vu1
2063 3207 2116 3244 o.

206 3261 408 3335 —oqui
441 3274 556 3312 non
589 3259 688 3313 abs
721 3265 772 3314 te
800 3259 950 3328 (W.).
1023 3261 1122 3328 qm·
1155 3274 1256 3314 nos
1290 3264 1341 3313 te
1375 3260 1495 3328 Ml,
1522 3261 1564 3314 I.
1637 3260 1735 3329 qui
1767 3276 1881 3315 non
1917 3264 1969 3314 te
2065 3267 2115 3314 2.

204 3337 342 3387 qum
378 3326 474 3378 abs
507 3332 558 3379 te
591 3327 674 3395 R„
711 3328 898 3397 vulgo.
991 3335 1072 3383 10.
1128 3330 1227 3398 qui
1261 3330 1398 3383 mihi
1432 3331 1637 3384 molesti
1674 3329 1745 3397 (V
1749 3332 1801 3399 .).
1874 3333 1975 3399 qui
2007 3331 2118 3385 sibi

203 3405 272 3440 m.
309 3391 476 3473 MRI,
547 3398 645 3462 qui
678 3413 747 3451 m.
785 3399 952 3466 Man„
988 3399 1049 3452 B.
1136 3406 1219 3453 11.
1274 3417 1425 3454 nimo
1470 3401 1545 3454 ad
1578 3401 1941 3455 minusculam
1990 3401 2113 3470 (L).

203 3472 353 3513 nunc
387 3466 747 3520 minusculam
782 3466 846 3521 R.
920 3485 1071 3524 nunc
1106 3470 1173 3524 de
1206 3471 1518 3526 minuscula
1552 3470 1680 3538 ML,
1718 3469 1904 3540 vulgo·
