2338 3691
677 162 1196 221 EPISTOLARUM
1232 164 1380 219 XIII.
1418 170 1643 221 24—26.
1981 164 2109 229 441

1050 412 1259 481 XXV.
1298 418 1302 422 ’

716 526 830 583 Ser.
886 504 1097 583 Romae
1152 545 1202 582 a.
1256 546 1311 582 u.
1367 545 1413 583 c.
1474 534 1592 585 708.

783 650 1038 708 CICERO
1079 651 1341 707 SERVIO
1384 652 1534 708 SAL.

336 750 776 837 Hagesaretus
831 752 1200 838 Larisaeus,
1262 753 1516 838 magnis
1574 754 1735 819 meis
1788 753 2116 820 beneficiis

201 842 472 906 ornatus
536 841 607 906 in
664 842 1002 907 consulatu
1056 863 1229 926 meo,
1291 863 1537 907 memor
1598 847 1666 907 et
1709 847 1933 931 gratus
1991 843 2118 908 fuit

203 950 432 1013 meque
476 933 705 1014 postea·
740 930 1230 1016 diligentissime
1268 930 1491 996 coluit:
1538 953 1684 996 eum
1719 931 1839 997 tibi
1876 952 2116 1018 magno

204 1038 398 1101 opere
462 1018 866 1104 commendo,
937 1022 1012 1084 ut
1075 1023 1142 1084 et
1200 1019 1525 1104 hospitem
1598 1024 1664 1084 et
1732 1020 2117 1086 familiarem

205 1128 419 1171 meum
458 1110 524 1170 et
559 1111 816 1192 gratum
850 1108 1182 1174 hominem
1219 1111 1285 1174 et
1319 1108 1527 1174 virum
1561 1108 1807 1174 bonum
1844 1113 1911 1173 et
1942 1111 2117 1194 prin·

206 1195 414 1279 cipem
469 1195 749 1261 civitatis
805 1218 956 1262 suae
1017 1200 1082 1262 et
1135 1200 1251 1262 tua
1304 1196 1774 1263 necessitudine
1821 1196 2116 1283 dignissi-

207 1304 401 1348 mum.
490 1282 873 1371 Pergratum
919 1286 1078 1350 mihi
1122 1286 1378 1371 feceris,
1434 1286 1489 1350 si
1535 1286 1782 1351 dederis
1839 1308 2119 1371 operam,

206 1375 279 1436 ut
331 1372 388 1436 is
441 1373 767 1459 intelligat
816 1374 1015 1439 hanc·
1041 1396 1252 1440 meam
1310 1374 1931 1442 commendationem
1985 1397 2116 1439 ma·

205 1480 410 1546 gnum
457 1462 628 1546 apud
671 1465 738 1528 te
782 1463 1038 1548 pondus
1081 1464 1403 1534 habuisse.

985 1657 1227 1724 XXVI.

720 1767 834 1824 Scr.
891 1770 1102 1826 Romae
1157 1787 1207 1824 a.
1263 1788 1317 1826 u.
1374 1788 1418 1825 c.
1478 1777 1595 1827 708.

788 1892 1045 1951 CICERO
1085 1895 1348 1951 SERVIO
1388 1895 1539 1951 SAL.

341 1989 414 2057 L.
441 1991 790 2059 Mescinius
827 2016 903 2060 ea
939 2016 1191 2060 mecum
1226 1995 1696 2062 necessitudine
1739 1996 2119 2063 coniunctus
2159 2010 2186 2061 1

206 2083 333 2164 est,
398 2081 568 2165 quod
630 2083 792 2148 mihi
854 2087 1157 2168 quaestor
1217 2084 1372 2168 fuit3
1436 2086 1547 2150 sed
1608 2085 1779 2149 hanc
1842 2105 2119 2171 causam,

206 2191 404 2252 quam
450 2191 598 2256 ego,
642 2176 718 2236 ut
772 2194 812 2236 a
865 2172 1215 2238 maioribus
1262 2174 1504 2258 accepi,
1560 2194 1810 2257 semper
1855 2194 2118 2259 gravem

209 2257 380 2342 duxi,
422 2258 577 2324 fecit
621 2260 858 2325 virtute
904 2265 971 2326 et
1003 2261 1407 2326 humanitate
1446 2284 1561 2326 sua
1596 2262 1955 2327 iustiorem:
1999 2263 2117 2327 ita·

211 2366 336 2429 que
382 2368 455 2411 eo
503 2348 596 2413 sic
641 2353 816 2433 utor,
859 2353 936 2414 ut
979 2371 1100 2414 nec
1142 2348 1526 2415 familiarius
1572 2351 1707 2416 ullo
1751 2370 1872 2416 nec
1915 2350 2118 2415 liben-

205 2435 355 2498 tius.
426 2434 491 2500 Is
520 2458 910 2522 quamquam
947 2437 1265 2504 confidere
1292 2437 1631 2504 videbatur
1660 2441 1726 2504 te
1754 2460 1872 2503 sua
1908 2460 2118 2525 causa,

207 2544 373 2607 quae
434 2522 707 2591 honeste
769 2548 1018 2611 posses,
1070 2527 1348 2592 libenter
1402 2549 1539 2593 esse
1583 2526 1933 2612 facturum,
1986 2550 2118 2592 ma-

207 2631 413 2697 gnum
467 2634 604 2679 esse
658 2618 878 2680 tamen
942 2616 1225 2700 speravit
1286 2617 1457 2701 apud
1511 2619 1579 2682 te
1633 2637 1809 2682 meas
1866 2637 2117 2700 quoque

205 2700 459 2766 litteras
492 2704 742 2784 pondus
781 2704 1136 2770 habituras:
1192 2703 1259 2768 id
1304 2725 1502 2788 quum
1559 2704 1697 2789 ipse
1742 2705 1836 2769 ita
1880 2704 2117 2768 iudica-

206 2788 351 2871 bat,
405 2792 543 2854 tum
596 2814 716 2876 pro
770 2792 1074 2857 familiari
1129 2793 1594 2858 consuetudine
1651 2814 1840 2877 saepe
1895 2813 1972 2857 ex
2016 2813 2117 2856 me

206 2876 524 2963 audierat,
588 2901 782 2964 quam
845 2882 1058 2946 suavis
1123 2883 1293 2946 esset
1353 2882 1524 2947 inter
1574 2902 1696 2946 nos
1756 2884 1824 2945 et
1876 2883 2119 2965 quanta

207 2966 596 3033 coniunctio.
685 2968 845 3035 Peto
890 2970 1091 3055 igitur
1135 2992 1176 3034 a
1218 2973 1312 3055 te,
1364 2972 1550 3035 tanto
1598 2970 1841 3035 scilicet
1886 2969 2118 3054 studio,
2154 2982 2187 3030 2

206 3058 453 3138 quanto
490 3056 808 3143 ⁴intelligis
855 3058 1084 3142 debere
1128 3079 1233 3123 me
1270 3062 1487 3143 petere
1521 3079 1640 3143 pro
1676 3058 1937 3123 homine
1982 3060 2118 3122 tam

206 3143 368 3208 mihi
413 3148 773 3232 necessario
821 3151 887 3211 et
938 3150 1073 3211 tam
1126 3147 1456 3232 familiari,
1510 3151 1586 3212 ut
1647 3147 1782 3210 eius
1836 3147 2118 3232 negotia,

209 3252 374 3316 quae
439 3238 594 3298 sunt
652 3236 725 3299 in
784 3234 1034 3300 Achaia
1096 3256 1176 3300 ex
1238 3256 1341 3320 eo,
1404 3236 1606 3321 quod·
1638 3235 1826 3299 heres
1889 3238 1989 3300 est
2029 3233 2119 3299 M.

348 3442 450 3512 Ep.
491 3448 573 3499 25.
637 3444 1005 3515 Heqesmtus'
1036 3445 1249 3515 (Ern.)‘3
1321 3446 1410 3500 An
1445 3444 1818 3513 Heqesaratus
1855 3439 2116 3509 (Ursin.)·?

204 3512 310 3583 Ep.
350 3519 436 3583 26,
466 3518 515 3569 2.
587 3514 807 3572 Achaia
842 3533 908 3572 ex
943 3532 1029 3585 eo,
1063 3533 1111 3586 q.
1153 3515 1302 3584 (W).
1374 3514 1612 3579 Achaia,
1646 3528 1714 3568 ex
1748 3527 1806 3566 eo
1842 3527 1891 3581 q.
1928 3509 2115 3578 vulgo.

2237 3573 2271 3591 Δ
