2338 3691
174 148 256 203 M.
296 147 547 203 TULLII
583 145 962 202 CICERONIS
998 132 1541 202 EPISTOLARUM
1572 149 1712 203 xw.
1751 156 1899 204 1—3.
1975 148 2104 212 533

180 293 407 359 Unum
459 294 644 376 illud,
699 293 788 357 mi
843 292 1024 378 Tiro,
1083 293 1326 376 videto,
1383 293 1450 360 si
1494 316 1598 359 me
1652 316 1829 358 amas
1837 344 1855 377 ,
1908 314 1991 357 ne
2036 296 2101 356 te

176 380 497 446 Marionis
553 381 868 447 adventus
923 385 990 446 et
1041 382 1164 446 hae
1227 382 1482 447 litterae
1537 386 1865 447 moveant:
1928 380 2100 464 quod

177 470 540 535 valetudini
574 473 725 535 tuae
761 471 1037 535 maxime
1075 471 1409 551 conducet,
1454 472 1509 535 si
1543 471 1790 555 feceris,
1824 469 2101 534 maxime

180 559 650 661 obtemperaris
696 559 1017 624 voluntati
1070 581 1269 625 meae.
1359 564 1533 624 Haec
1586 581 1705 644 pro
1760 563 1873 623 tuo
1919 558 2098 642 inge·
2136 575 2170 623 3

178 648 296 712 nio
345 647 696 713 considera.
767 646 907 714 Nos
943 648 1036 712 ita
1071 651 1139 712 te
1178 648 1629 732 desideramus,
1671 649 1748 712 ut
1786 668 2102 730 amemus;

182 758 398 820 amor,
441 738 517 800 ut
560 736 883 802 valentem
927 736 1285 821 videamus,
1329 736 1654 820 hortatur,
1699 736 2103 820 desiderium,

181 828 261 889 ut
318 846 512 909 quam
566 825 871 909 primum:
927 825 1088 891 illud
1142 826 1344 911 igitur
1398 826 1632 909 potius.
1722 822 1893 890 Cura
1945 844 2104 907 ergo

183 913 621 997 potissimum,
675 916 752 978 ut
805 914 1047 979 valeas:
1103 914 1183 979 de
1236 915 1367 979 tuis
1411 913 1988 979 innumerabilibus
2032 912 2105 977 in

187 1023 292 1066 me
341 1001 569 1067 officiis
615 1002 739 1067 erit
783 1002 908 1069 hoc
953 1003 1411 1088 gratissimum.
1499 1021 1593 1068 111.
1663 1000 1836 1067 Non.
1878 999 2046 1066 Nov.

1109 1267 1197 1333 II.

406 1376 520 1433 Scr.
558 1378 791 1449 Alyziae
827 1379 1007 1435 Nonis
1044 1379 1460 1435 Novembribus
1498 1395 1548 1434 a.
1586 1397 1637 1432 u.
1678 1396 1725 1433 c.
1765 1384 1885 1435 704.

664 1503 978 1559 TULLIUS
1015 1503 1273 1559 TIRONI
1312 1503 1447 1558 SUO
1487 1503 1637 1557 SAL.

324 1601 480 1668 Non
525 1625 689 1688 queo
737 1604 819 1669 ad
862 1608 929 1669 te
984 1625 1105 1669 nec
1147 1604 1309 1669 libet
1355 1604 1657 1686 scribere,
1716 1624 1843 1686 quo
1890 1601 2106 1667 animo

196 1692 317 1756 sim
362 1692 656 1758 affectus:
714 1695 972 1757 tantum
1017 1693 1257 1776 scribo,
1311 1695 1378 1758 et
1419 1692 1543 1757 tibi
1588 1695 1654 1756 et
1696 1691 1857 1758 mihi
1909 1690 2108 1755 maxi-

195 1802 337 1845 mae
382 1781 702 1866 voluptati
746 1781 904 1867 fore,
949 1782 1004 1847 si
1045 1786 1112 1847 te
1156 1782 1417 1848 firmum
1454 1801 1648 1865 quam
1691 1780 1972 1865 primum
2017 1779 2107 1844 vi-

195 1871 366 1936 dero.
457 1870 676 1936 Tertio
724 1870 826 1936 die
881 1871 998 1936 abs
1042 1874 1107 1935 te
1162 1871 1248 1936 ad
1298 1869 1594 1956 Alyziam
1640 1890 2109 1935 accesseramus

196 1995 281 2005 —-
308 1959 364 2023 is
408 1960 590 2024 locus
638 1963 739 2024 est
782 1960 944 2025 citra
979 1958 1342 2024 Leucadem
1380 1959 1589 2025 stadia
1626 1976 1762 2025 cxx
1788 1982 1902 2042 ——3
1947 1957 2109 2022 Leu-

197 2047 352 2112 cade
398 2051 513 2113 aut
554 2051 622 2112 te
666 2048 881 2132 ipsum
926 2052 1041 2113 aut
1083 2053 1233 2114 tuas
1276 2049 1527 2113 litteras
1573 2070 1613 2113 a
1657 2047 1950 2115 Marione
1994 2069 2110 2130 pu-

194 2136 418 2199 tabam
461 2156 566 2200 me
611 2140 1041 2220 accepturum.
1130 2135 1461 2212 Quantum
1515 2156 1617 2201 me
1673 2135 1915 2221 diligis,
1966 2139 2110 2198 tan-

197 2228 338 2287 tum
382 2223 489 2288 fac
531 2228 606 2288 ut
649 2226 883 2309 valeas,
926 2226 1029 2290 vel
1075 2237 1390 2310 quantum
1425 2230 1491 2289 te
1529 2247 1570 2289 a
1604 2245 1707 2288 me
1746 2224 1869 2288 scis
1912 2223 2112 2307 diligi.

201 2309 369 2376 Non.
414 2310 581 2377 Now
626 2311 869 2397 Alyzia.

1089 2541 1208 2608 III.

290 2654 402 2708 Scr.
441 2650 673 2723 Alyziae
711 2671 761 2710 a.
799 2654 854 2709 d.
892 2655 1041 2710 VIII.
1077 2656 1210 2710 Idus
1246 2655 1592 2711 Novembres
1631 2671 1679 2710 a.
1718 2672 1771 2708 u.
1809 2671 1855 2708 c.
1896 2657 2014 2708 704.

247 2777 554 2833 TULLIUS
607 2778 705 2834 ΕΤ
761 2778 1020 2835 CICERO
1078 2777 1337 2833 TIRONI
1388 2776 1525 2833 SUO
1576 2777 1726 2832 SAL.
1781 2775 1917 2830 DIC.
1973 2775 2069 2830 ET

768 2849 833 2916 Q.
870 2849 1117 2904 PATER
1149 2849 1246 2904 ET
1283 2849 1538 2904 FILIUS.

329 2948 469 3014 Nos
532 2949 707 3034 apud
761 2948 1083 3035 Alyziam,
1151 2971 1229 3014 ex
1292 2970 1419 3033 quo
1483 2950 1626 3014 loco
1692 2947 1814 3013 tibi
1868 2946 2116 3010 litteras
2158 2957 2183 3005 1

203 3041 350 3102 ante
424 3037 833 3122 dederamus,
902 3060 1107 3103 unum
1182 3038 1351 3102 diem
1424 3036 1803 3102 commorati
1881 3056 2119 3118 sumus,

203 3125 375 3208 quod
418 3125 696 3202 Quintus
742 3148 863 3192 nos
903 3130 1285 3192 consecutus
1330 3147 1466 3191 non
1503 3128 1665 3190 erat:
1711 3124 1768 3189 is
1813 3123 1947 3187 dies
1992 3123 2120 3187 fuit

340 3351 444 3422 ΕΡ.
487 3359 544 3422 1,
583 3359 630 3407 3.
704 3355 872 3420 hort„
918 3354 1249 3409 desiderium
1292 3353 1442 3422 (W.).
1536 3352 1620 3416 h„-
1666 3351 1718 3406 d.
1763 3351 1825 3403 B.
1926 3349 2029 3418 Ep.
2069 3354 2118 3400 2.

205 3438 311 3476 acc.
348 3454 415 3463 —
463 3425 564 3478 is,
624 3424 856 3479 .0XX
897 3456 964 3465 —
987 3424 1120 3478 ·.L
1172 3424 1320 3492 (W.).
1484 3442 1505 3487 ‚-
1718 3419 1969 3474 ,CXX
2050 3417 2118 3470 L.

202 3493 384 3565 vulgo.
486 3466 599 3564 ΕΡ.
629 3501 680 3550 3.
764 3494 882 3550 ET
924 3496 988 3566 Q.
1035 3493 1337 3549 FILIUS
1382 3437 1599 3560 (W.)?t⁸
