2338 3691
250 127 377 191 372
816 125 889 178 M.
929 124 1176 178 TULLII
1213 122 1593 179 CICERONIS

249 277 323 338 ut
369 274 445 338 de
491 273 616 336 isto
663 272 804 354 ipso
854 269 1186 354 suffragio3
1233 271 1376 353 alia,
1421 292 1582 353 quae
1625 270 1967 334 defendam
2013 293 2053 335 a
2101 274 2167 336 te

178 377 211 425 8
249 363 354 447 pie
399 362 537 425 fieri
584 362 650 424 et
692 359 991 445 humane,
1036 362 1111 424 ut
1147 359 1225 422 de
1272 360 1600 423 curatione
1647 360 1963 424 ludorum.
2037 358 2169 425 Sed

249 456 333 533 te,
377 449 705 514 hominem
753 448 1209 530 doctissimum,
1256 470 1389 513 non
1434 448 1622 534 fugit,
1669 450 1724 513 si
1770 446 2008 514 Caesar
2052 471 2170 514 rex

248 539 444 603 fuerit
489 575 573 584 —-
621 537 792 621 quod
838 537 997 601 mihi
1044 537 1301 621 quidem
1344 537 1597 602 videtur
1643 573 1755 621 —-—,
1808 538 1878 602 in
1925 541 2168 603 utram-

251 649 372 710 que
418 630 669 710 partem
724 626 802 691 de
855 630 968 691 tuo
1027 627 1240 692 officio
1298 626 1610 710 disputari
1666 648 1881 712 posse,
1940 628 2038 692 vel
2096 629 2168 692 in

249 738 418 798 eam,
475 738 600 799 qua
655 736 775 800 ego
825 717 999 781 soleo
1046 716 1166 799 uti,
1222 716 1612 780 laudandam
1666 737 1803 781 esse
1858 716 2053 781 fidem
2101 721 2170 781 et

248 805 719 869 humanitatem
745 809 943 887 tuam,
982 806 1090 888 qui
1125 805 1401 868 amicum
1430 805 1624 868 etiam
1659 808 1987 870 mortuum
2025 806 2165 870 dili-

251 915 386 978 gaS,
431 894 535 957 vel
579 894 649 958 in
695 915 864 976 eam,
919 916 1046 978 qua
1100 895 1398 959 nonnulli
1446 898 1744 978 utuntur,
1796 895 2167 959 libertatem

247 983 496 1066 patriae
541 983 711 1046 vitae
759 983 948 1046 amici
1004 983 1539 1066 anteponendam.
1629 981 1732 1047 Ex
1775 982 1878 1048 his
1925 1005 2165 1049 sermo-

248 1071 440 1135 nibus
502 1071 753 1136 ut‘inam
817 1076 1033 1136 essent
1095 1072 1346 1136 delatae
1412 1072 1492 1135 ad
1556 1074 1620 1136 te
1689 1072 2166 1157 disputationes

248 1162 452 1224 meae!
545 1159 665 1224 Illa
728 1182 878 1225 vero
936 1161 1089 1242 duo,
1155 1182 1318 1244 quae
1365 1161 1643 1225 maxima
1702 1164 1854 1225 sunt
1897 1162 2166 1227 laudum

249 1253 534 1332 tuarum,
595 1249 737 1332 quis
784 1254 897 1314 aut
940 1249 1246 1313 libentius
1294 1271 1486 1333 quam
1533 1271 1652 1334 ego
1701 1257 2168 1316 commemorat

249 1342 363 1402 aut
408 1338 706 1423 saepius?
750 1341 817 1421 te
864 1343 929 1402 et
973 1360 1108 1402 non
1154 1339 1542 1422 suscipiendi
1579 1339 1729 1403 belli
1767 1339 1970 1404 civilis
2018 1362 2164 1425 gra-

161 1434 171 1441 '
248 1428 580 1492 vissimum
626 1430 954 1493 auctorem
997 1426 1198 1491 fuisse
1254 1431 1320 1492 et
1362 1428 1790 1493 moderandae
1837 1430 2165 1514 victoriae,

246 1517 317 1579 in
365 1539 491 1600 quo
539 1517 648 1600 qui
695 1516 852 1580 mihi
898 1537 1033 1580 non
1079 1518 1516 1601 assentiretur,
1560 1518 1779 1582 inveni
1818 1519 2163 1584 neminem.

248 1604 458 1681 Quare
502 1604 711 1670 habeo
755 1606 1031 1690 gratiam
1062 1605 1383 1687 Trebatio,
1427 1606 1731 1670 familiari
1768 1610 2011 1691 nostro,
2052 1609 2164 1692 qui

246 1694 406 1757 mihi
462 1693 637 1757 dedit
700 1715 959 1758 causam
1012 1694 1244 1758 harum
1297 1696 1683 1778 litterarum,
1746 1695 1977 1780 quibus
2032 1697 2162 1762 nisi

248 1782 607 1866 credideris,
652 1804 753 1847 me
792 1784 1001 1848 omnis
1040 1783 1238 1848 officii
1274 1788 1339 1849 et
1373 1783 1794 1849 humanitatis
1834 1790 2161 1869 expertem

246 1871 573 1954 iudica-ri83
627 1894 753 1956 quo
809 1894 927 1937 nec
981 1872 1140 1936 mihi
1206 1875 1465 1957 gravius
1530 1875 1878 1959 quidquam
1941 1880 2163 1960 potest

248 1981 384 2024 esse
431 1982 550 2025 nec
596 1982 634 2024 a
678 1964 744 2024 te
791 1962 1078 2026 alienius

1045 2158 1352 2223 XXVIII.

458 2268 572 2323 Sor.
611 2269 820 2324 Romae
860 2273 1096 2325 exeunte
1132 2288 1323 2326 mense
1360 2271 1509 2325 Maio
1548 2288 1597 2325 a.
1636 2289 1689 2325 u.
1727 2288 1773 2326 c.
1816 2279 1931 2327 710.

774 2369 1048 2449 MAT1US
1087 2394 1426 2451 c1oERoN1
1464 2395 1614 2449 sAL.

179 2506 204 2553 1
377 2493 688 2579 Magnam
733 2495 1131 2580 voluptatem
1179 2517 1256 2560 ex
1298 2495 1429 2560 tuis
1476 2496 1707 2561 litteris
1753 2498 1919 2582 cepi,
1967 2499 2160 2583 quod,

244 2605 439 2667 quam
495 2606 821 2668 speraram
876 2588 1066 2668 atque
1123 2588 1440 2668 optaram,
1504 2584 1741 2650 habere
1800 2589 1863 2650 te
1920 2587 1997 2651 de
2054 2610 2158 2653 me

246 2672 617 2756 opinionem
681 2675 981 2758 cognovi3
1046 2674 1122 2737 de
1189 2695 1315 2757 qua
1379 2674 1501 2739 etsi
1562 2696 1698 2739 non
1761 2674 2159 2761 dubitabam,

243 2766 481 2845 tamen,
528 2763 679 2845 quia
723 2763 984 2838 maximi
1021 2762 1459 2846 aestimabam,
1505 2766 1578 2827 ut
1612 2763 1987 2848 incorrupta
2023 2788 2157 2830 ma·

243 2855 445 2934 neret,
488 2850 883 2915 laborabam.
957 2849 1266 2916 Conscius
1313 2855 1528 2916 autem
1572 2852 1731 2916 mihi
1778 2875 1953 2918 eram
1990 2854 2155 2919 nihil

245 2962 284 3003 a
328 2961 431 3003 me
478 2940 887 3005 commissum
933 2961 1090 3024 esse,
1136 2941 1308 3024 quod
1352 2941 1509 3006 boni
1546 2941 1920 3026 cuiusquam
1958 2942 2155 3008 offen-

246 3028 426 3091 deret
471 3028 780 3093 animum:
847 3051 922 3093 eo
968 3030 1183 3093 minus
1230 3028 1565 3093 credebam
1619 3030 1912 3113 plurimis
1961 3035 2153 3117 atque

247 3115 506 3196 optimis
561 3117 806 3182 artibus
862 3122 1090 3183 ornato
1145 3118 1267 3183 tibi
1319 3123 1557 3183 temere
1613 3119 1961 3204 quidquam
2013 3143 2153 3205 per-

248 3201 500 3266 suaderi
544 3206 848 3290 potuisse,
892 3207 1272 3291 praesertim
1314 3207 1384 3271 in
1423 3230 1612 3291 quem
1653 3230 1796 3273 mea
1831 3231 2155 3295 propensa

247 3292 314 3351 et
357 3297 667 3373 perpetua
711 3295 940 3360 fuisset
995 3300 1187 3381 atque
1235 3301 1404 3362 esset
1449 3298 1921 3382 benevolentia,
1982 3302 2154 3383 quod

390 3479 490 3549 Ep.
523 3487 606 3550 27,
637 3491 685 3539 8.
741 3503 836 3543 nec
873 3508 907 3543 α
943 3496 992 3546 te
1020 3492 1256 3546 alienius
1295 3491 1456 3560 (edd,
1485 3494 1657 3561 vett).
1733 3508 1829 3547 nec
1855 3497 1904 3547 te
1930 3510 1981 3547 α.
2020 3489 2150 3548 ΜΒ.
