2338 3691
708 98 1227 154 EPISTOLARUM
1262 97 1382 154 VH.
1420 104 1648 154 29—31.
2005 97 2137 163 223

214 243 498 309 comitiis
536 244 916 328 quaestoriis
954 243 1272 308 institutis
1311 243 1468 308 sella
1506 241 1578 319 Q.
1615 241 1898 328 Maximi,
1947 264 2138 327 quem

212 333 315 397 illi
364 333 692 397 consulem
738 354 875 398 esse
922 332 1241 416 dicebant,
1285 333 1499 417 posita
1544 334 1660 416 est,
1705 353 1832 417 quo
1879 335 2135 397 mortuo

213 421 522 486 nuntiato
580 421 738 486 sella
792 421 1011 486 ablata
1064 424 1189 506 est,
1244 420 1351 486 ille
1397 424 1613 485 autem
1622 445 1648 504 ,·
1694 420 1812 504 qui·
1861 421 2135 486 comitiis

211 510 481 574 tributis
511 513 681 574 esset
707 510 1095 594 auspicatus,
1132 509 1494 574 centuriata
1521 508 1769 592 habuit,
1808 511 2134 584 consulem

212 599 383 663 hora
439 598 712 683 septima
774 598 1200 682 renuntiavit,
1255 598 1367 683 qui
1418 617 1620 682 usque
1680 598 1761 662 ad
1806 597 2134 663 Kalendas

214 687 360 751 Ian.
408 690 601 772 esset,
656 709 819 772 quae
875 691 1063 752 erant
1104 687 1363 751 futurae
1418 707 1608 751 mane
1653 686 1988 771 postridie:
2042 687 2138 751 ita

216 773 497 840 Caninio
545 777 806 841 consule
853 776 1014 842 scito
1058 776 1384 840 neminem
1424 775 1786 860 prandisse3
1830 775 1995 840 nihil
2039 778 2136 840 ta-

214 885 372 928 men
419 886 494 929 eo
542 866 802 930 consule
848 865 1003 929 mali
1036 865 1283 929 factum
1320 868 1443 948 est3
1487 864 1615 929 fuit
1660 865 1832 929 enim
1867 864 2138 929 mirifica

215 953 2138 1126 {ffissssffntffaessussiff‘2133'331a0‘2332ffiffiffflufflffdlss3
2174 1057 2206 1105 2

216 1151 388 1213 quae
437 1129 491 1193 si
535 1130 800 1215 videres,
843 1131 1141 1195 lacrimas
1187 1152 1322 1195 non
1366 1134 1637 1195 teneres.
1710 1129 1893 1214 Quid,
1939 1131 1993 1194 si
2039 1151 2135 1194 ce-

213 1223 365 1282 tera
394 1218 710 1284 scribam?
758 1222 912 1283 sunt
947 1219 1120 1283 enim
1155 1219 1654 1284 innumerabilia
1682 1219 1936 1303 generis
1974 1218 2137 1282 eius-

216 1308 389 1390 dem,
434 1327 596 1390 quae
644 1307 900 1391 quidem
945 1328 1066 1393 ego
1104 1329 1241 1373 non
1274 1307 1528 1391 ferrem,
1571 1306 1700 1371 nisi
1744 1327 1845 1370 me
1882 1306 1953 1370 in
1996 1305 2137 1391 phi-

214 1395 557 1479 losophiae
584 1399 844 1480 portum
871 1397 1287 1461 contulissem
1315 1399 1382 1460 et
1406 1397 1534 1461 nisi
1559 1395 1867 1460 haberem
1894 1395 2151 1459 socium.

218 1483 586 1549 studiorum
611 1505 901 1550 meorum
926 1483 1223 1550 Atticum
1257 1488 1577 1568 nostrum3
1624 1484 1804 1549 cuius
1833 1483 2140 1568 quoniam

217 1573 558 1657 proprium
602 1577 667 1637 te
713 1595 851 1638 esse
912 1574 1137 1639 scribis
1190 1574 1516 1658 *mancipio
1563 1576 1630 1637 et
1673 1594 1865 1657 nexo,
1924 1594 2141 1636 meum

220 1664 444 1726 autem
488 1683 610 1727 usu
656 1665 722 1726 et
762 1662 1007 1747 fructu,
1061 1665 1405 1728 contentus
1451 1661 1576 1727 isto
1624 1683 1793 1745 sum3
1853 1661 1921 1726 id
1967 1661 2140 1726 enim

220 1753 328 1815 est
380 1751 685 1834 cuiusque
727 1752 1098 1836 proprium,
1157 1773 1285 1835 quo
1342 1750 1610 1834 quisque
1663 1750 1900 1814 fruitur
1945 1753 2138 1834 atque

220 1839 448 1904 utitur.
540 1837 664 1905 Sed
717 1839 879 1905 haec
934 1841 1092 1905 alias
1145 1840 1457 1925 pluribus.
1557 1837 1832 1924 Acilius,
1895 1839 2005 1924 qui
2067 1839 2139 1903 in
2176 1853 2208 1902 3

221 1927 562 1993 Graeciam
608 1951 754 1994 cum
798 1929 1164 2015 legionibus
1209 1929 1443 1994 missus
1490 1932 1613 2013 est,
1670 1929 1948 1993 maximo
1996 1949 2138 1992 meo

221 2013 539 2083 bene'ficio
588 2022 688 2082 est
730 2054 819 2065 -—
862 2018 962 2082 bis
1008 2018 1183 2082 enim
1238 2021 1337 2082 est
1390 2040 1429 2082 a
1473 2039 1576 2081 me
1629 2017 1864 2081 iudicio
1912 2016 2139 2100 capitis

222 2106 421 2171 rebus
467 2106 661 2171 salvis
707 2106 1009 2171 defensus
1038 2144 1142 2191 —‚
1189 2110 1254 2171 et
1300 2109 1399 2171 est
1431 2107 1628 2171 homo
1664 2127 1802 2170 non
1845 2106 2141 2190 ingratus

220 2215 456 2278 meque
500 2193 913 2260 vehementer
957 2196 1282 2260 observat.
1328 2195 1410 2259 ad
1455 2215 1601 2259 eum
1648 2194 1726 2259 de
1771 2197 1836 2258 te
1874 2193 2140 2279 diligen-

220 2284 477 2348 tissime
523 2284 749 2367 scripsi
794 2305 1061 2367 eamque
1108 2284 1448 2368 epistolam
1503 2304 1649 2347 cum
1700 2283 1825 2348 hac
1871 2282 2142 2366 epistola

223 2371 553 2456 coniunxi,
598 2392 793 2455 quam
836 2372 946 2436 ille
991 2372 1314 2456 quomodo
1361 2371 1679 2456 acceperit
1723 2374 1789 2441 et
1835 2371 1987 2456 quid
2021 2370 2143 2436 tibi

220 2459 555 2545 pollicitus
602 2461 705 2544 sit,
750 2461 944 2525 velim
988 2461 1069 2525 ad
1115 2482 1218 2525 me
1264 2459 1523 2525 scribas.

1063 2654 1306 2720 XXXI.

508 2764 624 2822 Ser.
660 2766 870 2821 Romae
904 2782 1100 2822 mense
1132 2766 1437 2823 Februario
1475 2784 1524 2822 a.
1561 2785 1615 2822 u.
1655 2785 1700 2822 c.
1741 2773 1860 2823 710.

828 2889 1086 2946 CICERO
1125 2890 1344 2947 CURIO
1384 2890 1436 2945 S.
1477 2891 1542 2944 D.

362 2986 580 3054 Facile
643 2983 940 3075 perspexi
1002 3013 1080 3055 ex
1141 2992 1272 3056 tuis
1333 2991 1599 3076 litteris,
1662 2990 1833 3074 quod
1897 3009 2147 3074 semper
2184 3012 2210 3059 1

223 3078 478 3163 studui,
533 3081 599 3143 et
652 3100 755 3144 me
802 3100 840 3142 a
883 3082 948 3143 te
1002 3080 1265 3164 plurimi
1309 3080 1449 3144 fieri
1512 3082 1578 3143 et
1639 3081 1705 3143 te
1767 3077 2144 3163 intelligere,

373 3235 479 3304 Ep.
518 3241 603 3304 30,
636 3243 683 3290 1.
730 3237 921 3306 posita
955 3240 1031 3290 est
1070 3236 1220 3305 (W..)
1285 3252 1348 3304 p.
1387 3239 1517 3291 esset
1551 3234 1644 3303 M„
1671 3235 1859 3305 vulgo,
1935 3241 1983 3289 3.
2019 3236 2144 3289 mis·

220 3311 455 3371 susest,
492 3322 626 3361 usus
669 3308 910 3361 maximo
947 3306 1118 3376 (W.)?
1165 3322 1343 3361 anm.
1392 3322 1462 3373 e.,
1504 3322 1652 3361 max.
1699 3321 1811 3361 meo
1859 3306 1972 3360 ben
2011 3320 2145 3361 usus

221 3382 308 3431 est
354 3347 637 3446 (Kl’eyn.)?
686 3408 758 3417 --
809 3382 885 3433 est
919 3408 989 3417 —
1027 3378 1160 3432 bis.
1278 3376 1530 3442 defensus
1568 3405 1663 3442 —,
1712 3382 1762 3430 et
1808 3375 1956 3442 (W..)
2039 3379 2143 3437 est;

223 3450 356 3503 bien
417 3448 584 3516 .def.,
618 3452 669 3504 et
703 3448 767 3504 Β.
807 3479 873 3489 --
910 3449 1012 3503 hac
1038 3447 1268 3521 epistola
1295 3446 1428 3517 (Mu)
1500 3447 1551 3502 h.
1589 3444 1717 3516 [ep]
1748 3444 1870 3499 edd.
1898 3444 2052 3508 vett„
2079 3441 2139 3492 B
