2338 3691
503 134 1029 191 EPISTOLARUM
1054 132 1154 189 AD
1183 132 1247 199 Q.
1275 118 1649 189 FRATREM
1671 137 1713 189 Ι.
1745 144 1790 191 1.
1980 136 2112 200 573

104 329 113 334 „
182 281 479 365 iniuriae,
524 280 698 365 q'uod
743 278 1033 362 avaritia,
1078 278 1253 362 quod
1286 277 1641 344 insolentia
1674 283 1930 363 praeter
1974 281 2108 364 opi·

183 372 452 436 nionem
479 369 813 434 accidebat
838 371 906 432 et
939 366 1365 432 intolerabilis
1391 366 1751 451 videbatur,
1788 368 2106 432 secundus

186 463 406 524 autem
460 459 666 522 multo
729 457 963 540 lenior,
1025 454 1199 539 quod
1253 458 1320 519 et
1373 455 1771 521 consuetudo
1826 459 1894 520 et
1936 456 2107 522 ratio

186 551 273 631 et,
316 550 394 611 ut
438 566 560 632 ego
606 545 905 628 arbitror,
948 566 1128 609 meae
1175 565 1428 628 quoque
1464 544 1719 609 litterae
1753 547 1820 608 te
1855 545 2106 629 patien-

186 636 422 701 tiorem
467 635 905 718 lenioremque
949 633 1269 716 fecerunt,
1321 633 1553 697 tertius
1599 654 1811 698 annus
1862 634 1958 697 ita
2002 633 2106 697 de-

190 725 303 790 bet
347 745 487 789 esse
543 722 948 806 emendatus,
1004 725 1080 786 ut
1140 743 1224 786 ne
1272 722 1605 786 minimam
1659 722 1917 806 quidem
1969 743 2109 786 rem

191 814 534 898 quisquam
578 812 787 896 possit
828 812 1029 876 ullam
1073 810 1558 895 reprehendere.
1646 809 1746 875 Ac
1798 811 1930 876 iam
1982 810 2109 876 hoc
2134 834 2187 876 41

188 902 338 967 loco
383 922 520 966 non
562 900 934 965 hortatione
979 921 1188 983 neque
1233 899 1612 984 praeceptis,
1658 898 1769 964 sed
1812 900 2110 984 precibus

189 994 410 1055 tecum
450 989 760 1054 fraternis
807 1010 962 1074 ago,
1003 992 1219 1053 totum
1262 991 1337 1052 ut
1381 988 1695 1072 animum,
1740 1009 1959 1053 curam
2004 1010 2110 1054 co·

195 1078 704 1165 gitationemque
750 1082 932 1143 tuam
975 1099 1185 1161 ponas
1241 1077 1312 1142 in
1358 1078 1650 1142 omnium
1691 1076 1881 1142 laude
1927 1077 2110 1141 undi-

195 1189 322 1268 que
368 1166 746 1252 colligenda.
836 1165 1021 1242 Quod
1078 1166 1133 1230 si
1177 1166 1248 1230 in
1302 1166 1609 1230 mediocri
1654 1168 1829 1231 statu
1875 1186 2111 1231 sermo·

195 1256 300 1321 nis
347 1276 422 1321 ac
466 1255 965 1358 praedicationis
1019 1258 1280 1319 nostrae
1334 1276 1436 1319 res
1483 1258 1725 1338 essent,
1777 1254 1943 1318 nihil
1996 1254 2112 1318 abs

194 1348 263 1409 te
318 1345 649 1427 eximium,
710 1344 876 1409 nihil
933 1347 1190 1428 praeter
1255 1343 1529 1408 aliorum
1583 1342 2115 1407 consuetudinem

193 1434 658 1518 postularetur:
720 1453 896 1498 nunc
950 1454 1102 1498 vero
1148 1435 1414 1516 propter
1471 1453 1693 1496 earum
1745 1452 1987 1514 rerum,
2043 1432 2116 1496 in

197 1522 431 1606 quibus
476 1521 717 1586 versati
754 1542 993 1605 811111118,
1038 1520 1447 1605 splendorem
1483 1523 1550 1584 et
1583 1518 2116 1621 magnitudinem,

196 1611 326 1675 nisi
372 1632 691 1676 summam
734 1610 992 1675 laudem
1037 1630 1115 1674 ex
1158 1610 1287 1674 ista
1330 1608 1665 1693 provincia
1700 1608 2116 1692 assequimur,

197 1700 307 1763 vix
349 1699 642 1764 videmur
694 1720 1013 1763 summam
1055 1698 1598 1781 vituperationem
1651 1718 1840 1780 posse
1893 1696 2116 1761 vitare.

199 1787 303 1853 Ea
347 1791 573 1853 nostra
615 1787 784 1853 ratio
830 1790 956 1870 est,
1001 1789 1076 1852 ut
1121 1808 1345 1852 omnes
1390 1786 1549 1852 boni
1593 1807 1791 1870 quum
1835 1784 2118 1870 faveant,

199 1881 343 1942 tum
388 1877 584 1941 etiam
630 1897 890 1942 omnem
934 1897 974 1939 a
1016 1876 1207 1941 nobis
1248 1875 1652 1960 diligentiam
1685 1875 2117 1957 virtutemque

200 1969 268 2031 et
310 1967 644 2050 postulent
697 1968 763 2029 et
816 1967 1214 2049 exspectent,
1275 1986 1498 2029 omnes
1553 1966 1769 2029 autem
1820 1963 2119 2048 improbi,

201 2055 375 2138 quod
422 2076 568 2118 cum
611 2054 692 2118 iis
737 2053 979 2118 bellum
1035 2053 1498 2137 sempiternum
1545 2052 1971 2136 suscepimus,
2016 2051 2119 2115 vel

202 2142 473 2206 minima
533 2164 603 2205 re
667 2142 748 2206 ad
808 2140 1409 2226 reprehendendum
1473 2140 1762 2205 contenti
1824 2160 1963 2204 esse
2026 2140 2119 2203 11-

205 2229 504 2294 deantur:
560 2251 775 2314 quare,
819 2230 1124 2314 quoniam
1180 2229 1495 2294 eiusmodi
1537 2229 1866 2293 theatrum
1917 2227 2119 2292 totius
2146 2249 2201 2289 ιε

201 2317 401 2382 Asiae
446 2317 794 2382 virtutibus
845 2319 977 2384 tuis
1032 2321 1133 2382 est
1187 2317 1436 2400 datum,
1500 2315 1873 2380 celebritate
1926 2314 2121 2379 refer-

200 2406 543 2489 tissimum,
586 2407 1034 2492 magnitudine
1089 2405 1586 2490 amplissimum,
1630 2403 1866 2469 iudicio
1914 2403 2122 2470 erudi·

200 2495 543 2578 tissimum,
584 2498 822 2559 natura
866 2498 1085 2560 autem
1127 2495 1223 2558 ita
1266 2515 1601 2577 resonans,
1643 2496 1719 2558 ut
1753 2513 1956 2577 usque
1992 2491 2121 2558 Ro-

202 2605 375 2648 mam
421 2583 928 2668 significationes
972 2603 1289 2666 vocesque
1343 2583 1733 2665 referantur,
1786 2581 2124 2665 contende,

203 2693 462 2755 quaem,
507 2674 701 2756 atque
748 2673 1035 2756 elabora,
1088 2692 1227 2736 non
1270 2671 1463 2735 modo
1518 2673 1593 2735 ut
1633 2669 1738 2735 his
1790 2669 1983 2734 rebus
2031 2669 2123 2733 (11·

205 2780 374 2845 gnus
426 2760 658 2842 fuisse,
722 2760 835 2824 sed
890 2761 1087 2824 etiam
1139 2762 1216 2824 ut
1266 2759 1382 2823 illa
1436 2759 1656 2824 omnia
1698 2757 1829 2823 tuis
1876 2757 2123 2821 artibus

204 2869 539 2932 superasse
584 2848 862 2933 videare,
907 2851 990 2932 et,
1030 2847 1340 2932 quoniam
1376 2848 1537 2913 mihi
1573 2868 1761 2912 casus
1806 2845 2124 2911 urbanam
2145 2843 2212 2894 15

203 2936 275 3001 111
319 2937 808 3023 magistratibus
854 2935 1482 3002 administrationem
1516 2936 1611 3001 rei
1646 2934 1959 3021 publicae,
2002 2911 2207 2999 tibi⁴³

347 3199 452 3270 ΕΡ.
493 3207 550 3269 1,
588 3206 674 3255 40.
749 3186 994 3256 avaritia
1037 3200 1247 3269 (Mam.)
1334 3200 1605 3255 avaritiae
1639 3197 1773 3253 ΜΒ.
1829 3224 1897 3236 -
1952 3196 2128 3252 lenior

200 3270 344 3338 fuit,
380 3272 526 3340 quod
563 3271 675 3339 (W.
677 3273 735 3340 )‘?
807 3277 893 3326 42.
949 3272 1221 3327 theatrum
1269 3272 1439 3326 totius
1473 3271 1645 3326 Asiae
1678 3267 1977 3323 virtutibus
2011 3266 2128 3323 tuis

203 3347 283 3397 est
328 3342 593 3410 datum(
574 3345 669 3411 (.,c
707 3342 797 3398 W.
847 3345 907 3397 et
951 3342 1032 3397 sic
1076 3342 1138 3396 B.
1198 3340 1343 3410 (Vol.
1390 3342 1460 3396 ΙΙ.
1507 3339 1880 3411 ΡΟΧ.ΧΠΙ)
1927 3338 2125 3405 1011111,

203 3412 305 3468 sed
377 3414 545 3468 totius
580 3385 817 3486 Asiae]).
907 3414 1180 3468 theatrwm
1213 3413 1385 3467 totius
1418 3359 1547 3467 MP
1566 3416 1605 3464 t.
1642 3411 1869 3465 sortitus
1903 3423 1958 3462 es
1993 3405 2125 3473 (On,

284 3482 488 3552 ‚oim,
527 3483 631 3552 B..)
671 3512 740 3524 -
779 3416 1031 3550 videm-e,
1067 3488 1118 3538 et
1153 3483 1303 3550 (Wu)
1375 3475 2125 3547 0.,·αΒ.0.Ε1111130.
