2338 3691
797 112 1323 169 EPISTOLARUM
1359 114 1452 170 Iv.
1491 120 1538 169 5.
2001 116 2122 179 101

204 257 292 322 ab
326 255 507 322 hisce
541 257 737 323 rebus
775 258 1060 324 animum
1098 281 1174 324 ac
1209 260 1673 345 cogitationem
1708 263 1890 325 tuam
1927 281 2127 326 avoca

203 350 400 429 atque
445 359 535 412 ‘ea
587 347 806 433 potius
859 349 1294 434 reminiscere,
1356 371 1518 434 quae
1574 349 1772 436 digna
1816 352 1931 414 tua
1984 372 2125 433 per-

205 456 371 501 sona
427 438 606 501 sunt:
659 437 867 521 illam,
922 438 1231 522 quamdiu
1285 439 1344 502 ei
1399 460 1560 524 opus
1605 439 1828 524 fuerit,
1872 439 2126 525 vixisse,

202 546 341 589 una
385 545 536 589 cum
579 548 649 589 re
695 525 953 610 publica
996 526 1217 612 fuisse,
1259 531 1344 611 te,
1387 531 1639 612 patrem
1685 549 1899 614 suum,
1942 549 2125 613 prae-

202 617 442 699 torem,
508 615 865 701 consulem,
928 637 1240 702 augurem
1292 617 1555 702 vidisse,
1611 617 2125 683 adolescentibus

204 702 535 790 primariis
580 708 856 788 nuptam
891 704 1112 789 fuisse,
1159 705 1456 770 omnibus
1502 706 1691 771 bonis
1736 728 1938 792 prope
1984 728 2124 790 per-

204 792 504 856 functam
550 814 718 877 esse3
763 815 961 878 quum
1006 815 1108 858 res
1152 794 1412 879 publica
1457 796 1799 880 occideret,
1842 796 1978 861 vita
2023 816 2125 859 ex-

205 882 504 946 cessisse:
572 842 725 965 quid
789 884 914 968 est,
976 883 1150 967 quod
1213 886 1285 948 tu
1341 888 1455 949 aut
1506 885 1619 949 illa
1672 906 1819 950 cum
1861 883 2127 950 fortuna

203 971 332 1035 hoc
379 971 644 1035 nomine
691 972 872 1056 queri
923 971 1234 1056 possitis?
1323 971 1617 1076 Denique
1663 972 1801 1038 noli
1854 976 1918 1037 te
1965 972 2124 1038 obli·

204 1060 369 1125 visci
435 1057 808 1126 Ciceronem
872 1082 1011 1126 esse
1077 1064 1143 1126 et
1196 1084 1369 1147 eum,
1433 1064 1544 1148 qui
1597 1064 1741 1128 aliis
1796 1063 2124 1128 consueris

205 1149 579 1234 praecipere
627 1152 693 1214 et
737 1151 888 1214 dare
946 1150 1311 1235 consilium,
1364 1173 1572 1237 neque
1625 1151 1867 1217 imitari
1918 1151 2124 1215 malos

207 1237 515 1323 medicos,
561 1239 671 1323 qui
714 1240 785 1303 in
830 1239 1057 1305 alienis
1101 1203 1344 1306 morbis
1380 1242 1767 1325 profitentur
1800 1244 2019 1303 tenere
2056 1260 2124 1303 se

208 1327 568 1392 medicinae
624 1328 985 1412 scientiam,
1046 1329 1174 1414 ipsi
1227 1352 1295 1395 se
1359 1352 1580 1394 curare
1633 1351 1770 1394 non
1832 1330 2126 1413 possunt,

210 1417 326 1481 sed
369 1417 609 1503 potius,
655 1439 818 1503 quae
865 1418 1008 1481 aliis
1054 1420 1419 1504 praecipere
1467 1420 1654 1504 soles,
1701 1440 1777 1483 ea
1820 1420 1960 1481 tute
2005 1416 2127 1480 tibi

211 1506 457 1571 subiice
504 1510 696 1590 atque
742 1507 914 1592 apud
942 1508 1247 1572 »animum
1291 1530 1597 1593 propone.
1668 1506 1904 1573 Nullus
1942 1505 2126 1570 dolor

213 1599 343 1679 est,
406 1617 599 1680 quem
660 1618 796 1661 non
858 1596 1303 1681 longinquitas
1365 1598 1673 1682 temporis
1736 1597 1990 1661 minuat
2051 1616 2125 1658 ac

212 1684 493 1749 molliat:
540 1685 666 1750 hoc
708 1688 773 1749 te
821 1689 1189 1770 exspectare
1226 1691 1481 1771 tempus
1518 1687 1638 1751 tibi
1673 1689 1861 1770 turpe
1908 1687 2009 1749 est
2051 1705 2127 1748 ac

214 1795 353 1838 non
397 1774 459 1838 ei
503 1774 597 1838 rei
642 1775 961 1859 sapientia
1003 1778 1119 1839 tua
1162 1778 1227 1840 te
1265 1797 1611 1841 occurrere.
1685 1774 1871 1853 Quod
1916 1774 1971 1838 si
2017 1772 2127 1859 qui

215 1863 415 1927 etiam
460 1863 684 1929 inferis
731 1885 958 1929 sensus
1005 1867 1130 1950 est,
1178 1866 1288 1951 qui
1331 1865 1504 1930 illius
1549 1867 1621 1930 in
1665 1868 1730 1930 te
1776 1885 1958 1929 amor
2000 1863 2129 1928 fuit

212 1953 552 2037 pietasque
606 1953 679 2017 in
732 1975 954 2018 omnes
1010 1976 1188 2040 suos,
1240 1954 1367 2019 1106
1420 1958 1589 2019 66116
1640 1954 1755 2018 illa
1806 1956 1871 2017 te
1916 1953 2127 2017 facere

213 2063 354 2106 non
399 2042 554 2106 vult.
653 2041 758 2106 Da
800 2042 925 2107 1106
982 2043 1078 2107 1111
1123 2046 1442 2127 mortuae,
1497 2043 1579 2107 da
1633 2042 1860 2108 ceteris
1906 2041 2127 2105 amicis

216 2152 289 2194 ac
337 2130 785 2215 familiaribuS,
832 2132 941 2214 qui
976 2135 1090 2196 tuo
1129 2133 1349 2197 dolore
1384 2135 1692 2216 maerent,
1737 2131 1820 2196 da
1862 2129 2130 2214 patriae,

213 2223 308 2304 ut,
356 2220 414 2284 si
459 2241 587 2304 qua
630 2220 701 2283 in
745 2241 814 2284 re
861 2242 1023 2304 opus
1061 2220 1163 2305 sit,
1209 2243 1405 2305 opera
1450 2225 1516 2286 et
1560 2221 1827 2286 consilio
1872 2222 1986 2283 tuo
2032 2217 2130 2282 uti

215 2308 447 2392 possit.
533 2306 856 2392 Denique,
910 2310 1215 2393 quoniam
1259 2310 1330 2374 in
1375 2331 1518 2374 eam
1568 2310 1901 2375 fortunam
1946 2307 2128 2372 deve-

215 2398 456 2480 111111118,
499 2399 577 2461 ut
621 2397 817 2461 etiam
859 2398 1010 2462 huic
1045 2399 1138 2462 rei
1178 2399 1367 2464 nobis
1406 2399 1811 2464 serviendum
1848 2397 1950 2482 sit,
1994 2396 2130 2461 noli

217 2486 650 2570 committere,
702 2490 779 2550 ut
832 2487 1171 2572 quisquam
1216 2490 1279 2551 te
1324 2491 1511 2573 putet
1553 2509 1689 2553 non
1742 2491 1878 2552 tam
1930 2485 2133 2549 filiam

219 2597 415 2660 quam
488 2576 583 2639 rei
645 2575 938 2658 publicae
1000 2579 1295 2661 tempora
1348 2580 1414 2641 et
1447 2577 1740 2642 ‘aliorum
1795 2575 2131 2640 victoriam

218 2665 461 2750 lugere.
552 2662 749 2728 Plura
792 2686 894 2728 me
952 2664 1035 2729 ad
1078 2668 1142 2729 te
1190 2666 1269 2729 de
1313 2665 1436 2730 hac
1480 2687 1548 2730 re
1595 2666 1869 2732 seribere
1915 2663 2131 2748 pudet,

217 2775 300 2818 ne
345 2753 570 2818 videar
613 2752 993 2838 prudentiae
1046 2756 1197 2819 tuae
1254 2754 1567 2839 diffidere3
1622 2775 1843 2839 quare,
1897 2752 1954 2816 81
2006 2751 2132 2815 1106

220 2865 425 2907 unum
471 2863 888 2927 proposuerO,
931 2842 1127 2907 finem
1173 2843 1410 2907 faciam
1456 2844 1801 2910 scribendi:
1854 2839 2131 2906 vidimus

222 2931 564 3016 aliquoties
611 2930 960 2995 secundam
1002 2931 1427 3016 pulcherrime
1482 2935 1546 2996 te
1591 2933 1758 2997 ferre
1801 2931 2135 2995 fortunam

221 3042 656 3107 magnamque
685 3041 763 3084 ex
790 3041 867 3084 ea
892 3041 962 3083 re
989 3024 1054 3085 te
1090 3020 1348 3085 laudem
1376 3021 1601 3105 apisci,
1645 3021 1751 3084 fac
1789 3018 2133 3103 aliquando

222 3110 662 3196 intelligamus
708 3109 1043 3173 adversam
1088 3131 1341 3195 quoque
1386 3113 1451 3174 te
1488 3131 1688 3193 aeque
1732 3109 1899 3173 ferre
1944 3128 2134 3191 posse

224 3220 431 3284 neque
476 3199 546 3263 id
591 3198 827 3283 maiuS,
873 3220 1067 3282 quam
1114 3198 1369 3281 debeat,
1412 3198 1533 3262 tibi
1579 3220 1743 3262 onus
1788 3197 2008 3279 videri,
2051 3215 2133 3257 ne
2227 3280 2232 3285 ·

363 3409 470 3479 Ep.
511 3370 570 3476 5,
609 3414 657 3464 5.
759 3408 889 3463 aliis
929 3409 1275 3488 ρφαεοὶρενε
1293 3404 1414 3474 (Lu)
1516 3420 1566 3458 a.
1613 3408 1725 3456 tute
1759 3417 1851 3470 pr.
1896 3398 2027 3454 ΜΒ.
2065 3423 2133 3435 --

228 3480 429 3536 subiiee
457 3451 691 3550 (vulgo).
761 3480 980 3534 subiace
1014 3477 1108 3547 M„
1137 3479 1197 3531 et
1232 3475 1311 3531 sic
1347 3474 1407 3527 B
1447 3472 1641 3529 voluit.
