2338 3691
246 163 379 229 504
810 159 885 214 ιι.
923 157 1172 215 TULLn
1208 158 1587 214 cmmoms

244 307 494 373 insidiis
548 305 906 370 liberasset:
972 303 1142 388 quod
1207 304 1288 368 ad
1350 326 1465 369 vos
1521 325 1560 367 a
1613 325 1714 369 mc
1769 303 1962 368 scribi
2024 324 2160 368 non

246 397 527 460 alienum
570 393 813 479 putavi,
856 397 929 457 ut
968 392 1416 477 intelligeretis
1463 414 1540 456 ex
1582 392 1694 476 iis,
1740 414 1903 477 quae
1949 413 2160 476 paene

245 483 633 566 acciderunt,
684 501 799 546 vos
844 481 1048 546 multo
1097 485 1273 564 ante,
1326 500 1410 545 ne
1456 501 1534 544 ea
1578 479 1965 564 acciderent,
2011 502 2159 565 pro·

243 571 495 654 vidisse,
541 591 742 655 eoque
787 591 902 635 vos
949 569 1297 634 studiosius
1332 569 1459 632 feci
1504 569 1822 652 certiores,
1868 568 2044 653 quod
2092 570 2160 632 in

244 679 395 744 rege
441 657 875 723 Ariobarzane
917 680 993 722 ea
1036 657 1196 721 mihi
1243 657 1432 743 signa
1473 656 1693 722 videor
1737 657 2017 741 virtutis,
2064 658 2159 721 in-

244 747 437 832 genii,
489 746 639 811 fidei
693 747 1302 830 benevolentiaeque
1358 766 1513 831 erga
1568 767 1682 811 vos
1736 746 2161 831 perspexisse,

243 839 318 901 ut
361 856 495 901 non
542 835 680 899 sine
727 856 919 900 causa
962 838 1214 899 tantam
1260 856 1479 899 curam
1524 834 1594 898 in
1640 835 1778 900 eius
1822 854 1938 899 vos
1986 835 2157 898 salu-

243 927 376 989 tem
422 923 946 1010 diligentiamque
992 923 1337 987 videamini
1384 922 1749 987 contulisse.

1130 1134 1250 1199 III.

313 1246 429 1304 Ser.
467 1247 529 1303 in
565 1246 768 1304 castris
808 1247 880 1302 ad
917 1246 1165 1302 Iconium
1203 1246 1296 1299 ΠΙ.
1333 1245 1460 1300 Kal.
1500 1246 1651 1315 Sept.
1692 1262 1742 1300 a.
1779 1263 1834 1300 u.
1874 1262 1921 1299 ο.
1961 1251 2087 1300 703.

690 1370 765 1424 Μ.
800 1368 1059 1425 CICERO
1100 1368 1152 1424 S.
1191 1368 1257 1423 D.
1296 1369 1370 1423 M.
1408 1359 1695 1423 CAToNI.

374 1469 586 1546 Quum
632 1469 716 1535 ad
757 1492 861 1534 me
906 1470 1104 1555 legati
1148 1470 1330 1533 missi
1375 1468 1456 1533 ab
1494 1467 1817 1534 Antiocho
1857 1467 2154 1536 Comma-

186 1610 191 1614 .
287 1581 409 1624 eno
455 1559 784 1623 venissent
826 1559 896 1621 in
942 1562 1153 1622 castra
1206 1558 1287 1621 ad
1331 1556 1625 1621 Iconium
1670 1578 1725 1620 a.
1773 1557 1830 1622 d.
1876 1577 1968 1623 111.
2006 1558 2154 1623 Kal.

240 1579 414 1732 {eph
449 1647 621 1730 iique
657 1646 816 1711 mihi
854 1646 1266 1711 nuntiassent
1299 1646 1471 1730 regis
1506 1644 1895 1710 Parthorum
1930 1646 2154 1727 filium,

241 1756 516 1820 quocum
572 1738 742 1799 esset
793 1738 998 1818 nupta
1060 1735 1233 1819 regis
1288 1731 1739 1798 Armeniorum
1796 1755 2005 1819 soror,
2073 1734 2152 1798 ad

240 1822 642 1908 Euphratem
689 1844 835 1887 cum
890 1822 1184 1887 maximis
1228 1820 1617 1887 Parthorum
1671 1821 1874 1905 copiis
1919 1823 2151 1887 multa-

238 1933 508 1995 rumque
568 1915 903 1995 praeterea
975 1901 1267 2011 gentium
1330 1932 1569 1995 magna
1637 1932 1835 1976 manu
1900 1911 2150 1976 venisse

238 1998 766 2100 Euphratemque
810 1999 939 2063 iam
983 1999 1263 2064 transire
1310 1999 1593 2084 coepisse
1640 1999 1888 2083 dicique
1925 1999 2152 2065 Arme-

238 2088 420 2152 nium
472 2108 690 2188 regem
743 2087 815 2151 in
860 2084 1332 2172 Cappadociam
1385 2087 1696 2170 impetum
1751 2108 1890 2153 esse
1944 2088 2150 2153 factu-

237 2199 409 2261 rum,
462 2175 685 2260 putavi
738 2197 856 2259 pro
910 2179 1135 2240 nostra
1180 2175 1650 2240 necessitudine
1705 2198 1808 2240 me
1861 2177 2021 2240 haec
2070 2175 2148 2240 ad

188 2267 193 2272 ’
240 2269 304 2329 te
353 2265 626 2330 scribere
682 2267 997 2348 oportere.
1085 2263 1347 2328 Publice
1405 2267 1669 2348 propter
1715 2264 1875 2329 duas
1921 2286 2149 2329 causas

239 2352 403 2417 nihil
458 2352 710 2437 scripsi,
763 2353 934 2438 quod
998 2356 1063 2417 et
1118 2352 1332 2437 ipsum
1388 2349 1898 2437 Commagenum
1948 2352 2148 2437 legati

241 2441 541 2506 dicebant
613 2440 694 2505 ad
768 2444 1062 2505 senatum
1136 2441 1356 2525 statim
1437 2440 1702 2505 nuntios
1772 2440 2148 2524 litterasque

238 2530 488 2594 misisse
533 2532 599 2593 et
643 2529 1086 2595 existimabam
1130 2528 1219 2593 M.
1262 2527 1567 2593 Bibulum
1610 2548 1860 2613 procos
1907 2565 1990 2574 —
2041 2529 2147 2613 qui

239 2618 490 2683 circiter
542 2616 696 2683 Idus
752 2615 922 2683 Sext.
976 2617 1056 2682 ab
1119 2616 1376 2701 Epheso
1438 2616 1509 2680 in
1564 2616 1812 2700 Syriam
1875 2616 2147 2681 navibus
2253 2646 2264 2665 ·

236 2707 566 2809 profectus
612 2710 753 2771 erat
797 2742 902 2790 -—-,
947 2705 1117 2790 quod
1165 2704 1479 2770 secundos
1524 2707 1755 2770 ventos
1798 2704 2147 2788 habuisset,

237 2795 369 2861 iam
421 2796 493 2859 in
545 2793 944 2880 provinciam
999 2815 1183 2858 suam
1236 2792 1629 2877 pervenisse,
1683 2793 1863 2857 cuius
1916 2791 2145 2856 htteris

241 2885 460 2949 omnia
505 2884 777 2947 certiora
830 2882 1148 2966 perlatum
1202 2881 1283 2945 iri
1336 2880 1417 2945 ad
1473 2883 1768 2945 senatum
1822 2880 2145 2981 putabam.

239 2968 430 3055 Mihi,
484 2974 559 3036 ut
609 2971 680 3035 in
726 2971 1040 3035 eiusmodi
1093 2991 1163 3034 re
1217 2971 1529 3054 tantoque
1582 2966 1754 3034 bello
1759 3020 1781 3053 ,
1834 2969 2144 3034 maximae

215 3081 430 3140 ,curae
494 3062 620 3142 cst,
690 3062 791 3142 ut,
854 3080 1018 3143 quac
1081 3057 1284 3142 copiis
1349 3060 1414 3122 et
1478 3057 1708 3142 opibus
1769 3060 1988 3121 tenere
2043 3056 2144 3119 vix

380 3282 485 3352 Ep
513 3291 564 3353 2,
584 3291 634 3341 8.
691 3286 966 3341 liberasset
995 3282 1145 3355 (W..)
1221 3285 1474 3340 litter-aret
1500 3284 1575 3338 Μ.
1650 3284 1899 3339 liberarit
1924 3281 2073 3347 Ειιι.,
2086 3280 2140 3334 Β.

241 3349 2142 3439 Ep31mehaecadte(W)mehocadteM.,vulgo.

242 3425 552 3559 {mg-ocos.
590 3455 657 3466 —
695 3428 793 3495 qui
831 3469 883 3481 ..
916 3432 1084 3481 ,erat
1122 3456 1218 3494 —,
1265 3443 1319 3495 q.
1368 3425 1515 3493 (W.).
1594 3442 1716 3495 pr„
1762 3425 1860 3494 qui
1897 3465 1946 3477 ..
1983 3440 2055 3488 e.,
2097 3438 2142 3492 q.
