2338 3691
853 890 1084 947 'LIBER
1118 888 1469 947 OCTAVUS.

556 1017 645 1086 M.
698 1015 1081 1084 CAELII
1153 1015 1779 1084 EPISTOLAE

1112 1139 1212 1194 AD

621 1246 707 1313 M.
746 1206 1145 1314 TULLIUM
1183 1246 1710 1315 CICERONEM.

1144 1424 1197 1491 I.

242 1545 362 1600 Ser.
402 1545 614 1601 Romae
651 1561 840 1602 mense
877 1546 1027 1601 Maio
1066 1547 1219 1616 (post
1253 1547 1332 1602 IX
1368 1547 1492 1603 Kal.
1532 1547 1673 1617 Iun.)
1713 1562 1763 1601 a.
1801 1563 1939 1602 u.·c.
1973 1553 2090 1601 703.

737 1656 1042 1751 CAELius
1072 1671 1415 1743 ciosaom
1453 1688 1602 1745 SAL.

348 1796 536 1873 Quod
588 1797 711 1862 tibi
765 1796 1096 1863 discedens
1159 1798 1485 1883 pollicitus
1549 1820 1691 1864 sum
1744 1819 1846 1864 me
1906 1821 2128 1865 omnes
2168 1810 2195 1859 1

207 1908 315 1951 res
360 1887 644 1952 urbanas
700 1886 1190 1972 diligentissime
1235 1886 1356 1952 tibi
1401 1888 1931 1973 perscripturum,
1979 1888 2129 1953 data

212 1996 414 2060 opera
458 1975 705 2060 paravi,
762 1976 873 2059 qui
928 1976 1017 2040 sic
1072 1976 1291 2041 omnia
1343 1979 1854 2061 persequeretur,
1908 1980 1983 2041 ut
2026 1999 2127 2041 ve-

210 2086 378 2149 rear,
422 2086 506 2128 ne
542 2064 662 2128 tibi
697 2064 969 2128 nimium
1008 2066 1242 2149 arguta
1275 2064 1436 2129 haec
1474 2065 1780 2130 sedulitas
1820 2065 2130 2130 videatur.

213 2152 506 2217 Tametsi
548 2157 621 2217 tu
669 2153 800 2217 scio
848 2175 1042 2236 quam
1090 2153 1177 2217 sis
1225 2153 1513 2217 curiosus
1569 2157 1635 2218 et
1687 2176 1881 2238 quam
1928 2155 2129 2220 omni-

212 2243 339 2305 bus
384 2241 949 2326 peregrinantibus
996 2245 1254 2326 gratum
1302 2242 1386 2306 sit
1430 2242 1840 2307 minimarum
1878 2264 2129 2327 quoque

211 2352 459 2413 rerum,
516 2351 677 2414 quae
732 2329 907 2394 domi
951 2334 1287 2415 gerantur,
1339 2330 1480 2395 fieri
1526 2331 1854 2415 certioreS,
1911 2335 2132 2396 tamen

212 2421 285 2483 in
331 2419 458 2484 hoc
512 2422 577 2483 te
624 2418 954 2503 deprecor,
1017 2440 1099 2483 ne
1153 2441 1368 2484 meum
1431 2419 1557 2485 hoc
1620 2419 1904 2485 officium
1959 2442 2129 2485 arro·

214 2508 483 2594 gantiae
537 2507 950 2592 condemnes,
1006 2508 1178 2591 quod
1223 2508 1396 2572 hunc
1453 2509 1740 2574 laborem
1796 2509 1982 2572 alteri
2028 2509 2130 2573 de·

211 2598 449 2682 legavi,
494 2618 631 2662 non
675 2598 833 2680 quin
877 2596 1037 2660 mihi
1081 2597 1531 2662 suavissimum
1579 2597 1664 2661 sit
1708 2600 1773 2661 et
1819 2600 2130 2680 occupato

217 2691 284 2751 et
331 2685 414 2750 ad
476 2685 725 2749 litteras
790 2685 1159 2749 scribendas
1168 2736 1187 2769 ,
1248 2688 1324 2751 ut
1384 2689 1457 2750 tu
1520 2686 1722 2769 nosti,
1783 2686 2129 2770 pigerrimo

212 2780 368 2840 tuae
425 2774 770 2839 memoriae
827 2774 978 2839 dare
1034 2795 1322 2859 operam,
1382 2774 1492 2839 sed
1545 2775 1761 2859 ipsum
1813 2774 2132 2856 volumen,

214 2864 392 2949 quod
437 2864 560 2928 tibi
603 2863 770 2947 misi,
811 2862 1018 2947 facile,
1064 2865 1138 2928 ut
1183 2884 1305 2948 ego
1351 2863 1653 2947 arbitror,
1707 2883 1810 2927 me
1855 2863 2131 2927 excusat.

215 2952 454 3018 Nescio
502 2952 683 3018 cuius
729 2952 845 3017 otii
890 2955 1058 3016 esset
1101 2973 1238 3017 non
1282 2952 1474 3017 modo
1520 2950 1912 3036 perscribere
1957 2951 2133 3034 haec,

115 3105 118 3112 ,
216 3040 333 3106 sed
398 3041 662 3106 omnino
728 3040 1262 3123 animadvertere3
1327 3040 1544 3106 omnia
1602 3039 1774 3104 enim
1837 3042 1991 3103 sunt
2042 3038 2133 3102 ibi

215 3132 483 3195 senatus
557 3130 854 3194 consulta
925 3129 1160 3213 edicta,
1231 3129 1490 3193 fabulae
1562 3149 1882 3211 rumores;
1963 3126 2134 3211 quod

213 3220 581 3303 exemplum
619 3219 675 3283 si
710 3218 878 3282 forte
915 3218 1127 3282 minus
1162 3220 1229 3281 te
1268 3216 1617 3301 delectarit,
1652 3237 1734 3301 ne
1771 3216 2131 3305 molestiam

363 3393 463 3463 Ep.
517 3400 564 3463 1,
606 3400 653 3448 1.
729 3391 1023 3451 discedenti
1061 3392 1231 3461 (W.)?
1270 3420 1337 3431 -
1358 3365 1634 3460 ’delegavzss
1671 3405 1784 3448 oum
1802 3389 1948 3458 ,quin
1983 3385 2133 3454 (W·)·

211 3465 304 3521 d..·
339 3479 454 3519 non
487 3481 535 3535 q.
573 3464 636 3518 Β

1605 3550 1713 3600 15*
