2338 3691
727 105 1248 163 EPISTOLARUM
1286 106 1381 162 IV.
1420 112 1468 160 4.
1509 112 1558 161 5.
2013 103 2099 168 99

1105 357 1190 423 V.

515 468 629 523 Ser.
667 469 902 525 Athenis
936 486 1130 525 mense
1167 469 1350 540 Aprili
1388 485 1436 524 a.
1473 488 1527 525 u.
1565 488 1610 525 0.
1653 476 1772 525 709.

758 592 1065 650 SERVIUS
1104 592 1447 649 CICERONI
1481 593 1533 649 S.

315 691 754 780 Posteaquam
799 695 960 760 mihi
994 695 1436 761 renuntiatum
1473 698 1574 760 est
1618 695 1695 760 de
1734 695 1916 761 obitu
1953 692 2101 758 Tul·
2143 710 2170 757 1

177 782 326 866 liae,
371 782 544 849 filiae
589 786 769 869 tuae,
825 805 980 848 sane
1028 806 1223 869 quam
1266 807 1386 870 pro
1433 807 1529 868 eo,
1574 805 1650 848 ac
1695 784 1913 868 debui,
1959 804 2102 869 gra-

179 871 351 935 viter
396 872 794 958 molesteque
839 872 961 938 tuli
1008 895 1540 958 communemque
1588 895 1730 937 eam
1775 872 2102 938 calamita-

179 963 319 1023 tem
366 961 756 1047 existimavi,
810 963 946 1047 qui,
1002 962 1059 1027 si
1110 962 1260 1027 18110
1314 963 1667 1048 affuissem,
1721 983 1928 1046 neque
1982 962 2104 1025 tibi

182 1048 538 1114 defuissem
566 1071 909 1136 coramque
936 1072 1153 1115 meum
1183 1051 1469 1117 dolorem
1505 1051 1626 1117 tibi
1662 1051 2102 1117 declarassem.

182 1136 334 1201 Etsi
382 1158 588 1223 genus
642 1140 767 1205 hoc
814 1140 1277 1205 consolationis
1330 1142 1637 1206 miserum
1693 1144 1885 1224 atque
1933 1161 2102 1205 acer-

182 1227 343 1291 bum
390 1230 508 1312 081,
551 1232 897 1313 propterea
941 1229 1109 1314 quia,
1152 1251 1283 1331 per
1306 1252 1465 1332 quos
1504 1252 1581 1294 ea
1616 1229 1880 1294 confieri
1915 1227 2106 1291 debet

184 1315 591 1400 propinquos
639 1338 713 1383 ac
757 1317 1128 1402 familiares,
1172 1318 1221 1382 11
1264 1319 1390 1403 ipsi
1435 1319 1576 1404 pari
1621 1317 1921 1383 molestia
1966 1316 2103 1380 affi-

187 1405 451 1469 ciuntur
494 1426 702 1491 neque
758 1408 896 1472 sine
950 1406 1235 1473 lacrimis
1288 1408 1508 1472 multis
1563 1407 1631 1471 id
1685 1406 1906 1471 conari
1958 1426 2104 1489 pos-

188 1497 362 1577 sunt,
409 1494 507 1559 uti
549 1496 759 1580 magis
805 1495 932 1580 ipsi
966 1495 1307 1561 videantur
1344 1497 1616 1562 aliorum
1662 1493 2105 1561 consolatione

185 1582 480 1668 indigere
528 1605 722 1668 quam
769 1585 910 1649 aliis
955 1606 1146 1669 posse
1194 1608 1381 1650 suum
1428 1585 1713 1651 officium
1757 1586 2106 1669 praestare,

187 1675 441 1756 tamen,
496 1694 659 1756 quae
714 1673 784 1737 in
835 1675 1205 1757 praesentia
1257 1675 1328 1738 in
1372 1679 1656 1739 mentem
1711 1673 1873 1738 1111111
1917 1693 2104 1738 vene-

188 1763 372 1844 runt,
431 1761 681 1826 decrevi
733 1762 913 1827 brevi
960 1762 1040 1827 ad
1084 1766 1150 1828 te
1197 1763 1618 1848 perscribere,
1671 1783 1808 1828 non
1855 1783 1980 1847 quo
2029 1782 2107 1825 ea

188 1853 254 1913 te
303 1849 527 1934 fugere
574 1852 961 1937 existimem,
1017 1853 1129 1917 sed
1176 1852 1349 1937 quod
1391 1853 1668 1918 forsitan
1722 1853 1943 1917 dolore
1986 1851 2104 1914 im-

190 1938 449 2022 peditus
494 1940 711 2006 minus
757 1963 834 2006 ea
875 1941 1245 2026 perspicias.
1328 1940 1493 2018 Quid
1540 1945 1657 2028 081,
1701 1940 1874 2026 quod
1917 1942 2103 2004 tanto
2141 1963 2174 2010 2

191 2049 386 2111 opere
432 2031 496 2092 te
544 2033 949 2096 commoveat
991 2034 1142 2094 tuus
1181 2030 1365 2096 dolor
1399 2029 1791 2096 intestinus?
1856 2025 2107 2113 Cogita,

192 2117 735 2201 quemadmodum
791 2119 1000 2184 adhuc
1052 2119 1319 2185 fortuna
1361 2118 1699 2185 nobiscum
1747 2118 1975 2204 egerit.
2030 2138 2108 2180 ea

189 2205 383 2270 nobis
423 2210 644 2291 erepta
679 2228 837 2291 esse,
882 2228 1044 2293 quae
1080 2208 1453 2293 hominibus
1489 2230 1625 2274 non
1660 2208 1875 2272 minus
1913 2227 2106 2291 quam

189 2294 379 2358 liberi
427 2316 574 2359 cara
621 2317 760 2361 esse
797 2297 1051 2380 debent,
1094 2286 1393 2382 patriam,
1436 2297 1864 2381 honestatem,
1899 2294 2105 2380 1113111·

189 2371 424 2468 tatem,
476 2384 759 2469 honores
816 2385 1293 2451 01111108.Ηο0
1346 2408 1477 2451 uno
1531 2384 1942 2450 incommodo
1998 2383 2105 2447 ad-

192 2473 330 2536 dito
379 2473 532 2557 quid
580 2473 661 2538 ad
708 2473 994 2540 dolorem
1042 2474 1308 2576 adiungi
1352 2475 1609 2558 potuit?
1658 2477 1773 2538 aut
1816 2473 1927 2558 qui
1971 2493 2108 2538 non

190 2562 262 2624 in
310 2560 439 2625 illis
484 2562 678 2627 rebus
735 2563 1118 2639 exercitatus
1165 2563 1419 2628 animus
1466 2564 1695 2628 callere
1739 2563 1871 2627 iam
1918 2561 2109 2626 debet

191 2654 387 2734 atque
437 2651 658 2715 omnia
701 2652 969 2717 minoris
1016 2651 1423 2717 existimare?
1512 2650 1622 2716 An
1666 2652 1841 2716 1111118
1884 2649 2107 2732 vicem,
2143 2672 2176 2719 3

191 2739 404 2823 credo,
450 2739 673 2805 doles?
746 2740 1010 2816 Quoties
1055 2740 1126 2804 in
1156 2762 1314 2806 «eam
1350 2740 1812 2827 cogitationem
1845 2757 2106 2803 11000880

193 2830 295 2893 081
331 2830 398 2892 01
433 2830 507 2892 111
543 2830 796 2894 veneris
834 2832 901 2894 01
935 2850 1056 2894 1108
1094 2850 1283 2914 saepe
1321 2829 1683 2914 incidimus,
1726 2828 1903 2893 hisce
1948 2830 2107 2891 tem-

192 2917 462 3001 poribus
516 2939 652 2983 non
705 2918 982 3003 pessime
1039 2940 1184 2983 cum
1237 2918 1318 2983 iis
1375 2941 1513 2983 esse
1570 2921 1812 3001 actum,
1876 2914 2108 3000 quibus

194 3007 332 3070 sine
381 3005 604 3072 dolore
659 3007 907 3072 licitum
964 3010 1064 3071 est
1105 3010 1382 3072 mortem
1438 3028 1583 3071 cum
1636 3005 1774 3069 vita
1827 3025 2108 3073 commu-

192 3093 377 3159 tare?
469 3094 638 3170 Quid
704 3099 920 3160 autem
982 3095 1135 3179 fuit,
1193 3096 1363 3179 quod
1417 3095 1596 3159 illam
1642 3094 1765 3159 hoc
1817 3097 2108 3179 tempore

194 3183 275 3248 ad
331 3184 681 3248 vivendum
742 3205 984 3269 magno
1043 3206 1235 3268 opere
1288 3184 1563 3248 invitare
1618 3183 1882 3268 posset?
1947 3204 2110 3267 quae

305 3394 610 3519 Ep3,5,1.
689 3410 962 3465 111010.αο
995 3394 1303 3463 famtliares
1339 3392 1474 3460 (Mu)
1568 3390 1676 3464 [pr.
1717 3407 1783 3445 ac
1815 3391 1881 3460 f]
1911 3390 2108 3455 Kleyn

193 3465 355 3536 conj,

1611 3549 1687 3600 7*
