2338 3691
234 75 362 139 272
799 76 872 131 Μ.
913 75 1161 131 TULLII
1198 74 1580 130 CICERONIS

162 239 195 288 2
234 221 482 287 Eadem
537 242 731 287 causa
783 221 918 285 fere
974 224 1073 285 est
1124 219 1213 284 M.
1265 219 1481 286 Planii
1532 219 1833 304 Heredis,
1888 221 2001 306 qui
2058 225 2164 287 esf,
2274 230 2277 241 '

233 311 393 375 item
438 308 733 395 Calenus,
779 308 1019 394 Leptae
1056 309 1266 373 nostri
1308 309 1866 374 familiarissimus.
1936 309 2162 376 Hosce
2270 298 2277 321 ὦ

233 399 435 484 igitur
479 399 704 463 ambos
766 398 888 462 tibi
943 399 1034 463 sic
1088 398 1495 482 commendo,
1555 402 1632 463 ut
1693 399 1934 464 maiore
1980 421 2165 482 cura,

237 487 470 571 studi0‚
515 486 945 552 sollicitudine
991 487 1192 551 animi
1237 487 1685 552 commendare
1721 509 1858 552 non
1891 489 2163 572 possim.

235 575 407 641 Volo
468 576 759 660 ipsorum
814 598 1035 660 causa,
1096 597 1325 660 meque
1377 576 1450 640 in
1508 598 1603 641 eor
1630 575 2043 641 vehementer
2090 580 2164 640 et
2276 622 2279 631 .

238 664 521 730 amicilia
564 668 783 731 movet
819 668 884 730 et
917 665 1318 749 humanitas3
1363 664 1572 749 Lepta
1614 686 1767 730 vero
1816 687 2012 749 quum
2057 665 2162 729 ita

235 753 515 838 laboret,
575 757 652 819 ut
713 755 849 819 eius
911 754 1214 819 fortunae
1277 753 1619 819 videantur
1680 755 1752 818 in
1811 753 2164 818 discrimen

237 842 489 926 venire,
551 864 688 907 non
750 865 1017 928 possum
1081 863 1203 928 ego
1256 864 1395 907 non
1448 845 1562 908 aut
1614 842 1902 926 proxime
1957 846 2165 927 abque

237 931 346 995 ille
409 934 525 996 aut
589 932 785 996 etiam
846 952 1048 1016 aeque
1111 931 1425 996 laborare.
1533 929 1940 1016 Quapropfer
1950 981 1968 1015 ‚
2033 933 2166 996 etsi

240 1041 431 1104 saepe
488 1023 786 1105 expertus
843 1042 1012 1104 sum,
1076 1023 1391 1104 quantum
1443 1041 1547 1085 me
1603 1041 1880 1104 amares,
1931 1023 2169 1083 tamen

241 1109 333 1173 sic
377 1109 572 1174 velim
613 1109 736 1174 tibi
781 1109 1188 1194 persuadeas,
1231 1108 1298 1172 id
1342 1130 1445 1175 me
1488 1109 1561 1173 in
1605 1109 1730 1174 hac
1773 1129 1842 1172 re
1877 1108 2168 1174 maxime

170 1211 204 1261 ⁸
240 1197 689 1272 iudicaturum.
774 1197 937 1264 Peto
982 1198 1187 1285 igitur
1232 1219 1272 1262 a
1312 1200 1380 1262 te
1424 1198 1554 1282 vel,
1599 1198 1655 1262 si
1699 1196 1940 1282 pateris
1949 1247 1968 1281 ‚
2022 1219 2168 1282 oro,

239 1289 316 1352 ut
356 1287 653 1354 homines
697 1287 966 1352 miseros
1012 1290 1078 1351 et
1119 1287 1413 1370 fortuna,
1467 1308 1662 1370 quam
1714 1286 1918 1351 vitare
1961 1306 2167 1352 nemo

239 1378 485 1461 potest,
544 1376 755 1461 magis
818 1397 1014 1460 quam
1077 1375 1268 1460 culpa
1332 1375 1744 1440 calamitosos
1817 1396 2167 1441 conserves

239 1464 595 1530 incolumes
649 1464 932 1548 velisque
994 1486 1110 1549 per
1161 1466 1231 1528 te
1284 1485 1386 1528 me
1438 1464 1565 1529 hoc
1616 1464 1902 1529 muneris
1957 1485 2169 1548 quum

240 1553 399 1638 ipsis
464 1554 687 1619 amicis
748 1554 1147 1638 hominibuS‚
1220 1574 1419 1637 quum
1479 1553 1831 1638 municipio
1896 1550 2167 1637 Calene,

244 1663 522 1726 quocum
574 1642 736 1706 mihi
788 1663 1029 1727 magna
1070 1641 1478 1707 necessitudo
1535 1645 1659 1727 est,
1710 1644 1852 1705 bum
1897 1640 2167 1727 Leptae,

172 1753 209 1802 4
244 1752 436 1814 quem
474 1731 772 1795 omnibus
810 1735 1156 1816 antepono,
1202 1730 1371 1795 dare.
1445 1728 1632 1807 Quod
1669 1730 1953 1795 dicturus
1994 1752 2166 1815 sum,

244 1822 404 1905 puto
451 1819 747 1904 equidem
789 1841 926 1886 non
970 1819 1155 1886 valde
1202 1819 1284 1886 ad
1329 1841 1467 1885 rem
1509 1819 1858 1905 pertinere,
1903 1819 2014 1885 sed
2058 1822 2164 1884 ta-

244 1930 396 1973 men
439 1909 605 1974 nihil
650 1908 835 1975 obest
879 1910 1112 1974 dicere:
1165 1930 1268 1974 res
1320 1908 1658 1974 familiaris
1704 1909 1889 1973 alteri
1933 1930 2167 1974 eorum

244 1997 431 2063 valde
486 1998 719 2083 exigua
773 2002 897 2083 est,
937 1999 1138 2064 'alteri
1191 1998 1300 2063 vix
1353 1998 1692 2083 equesssris3
1748 2001 2166 2083 quapropter,

247 2085 554 2171 quoniam
596 2086 677 2151 iis
723 2085 959 2153 Caesar
1002 2087 1206 2152 vitam
1250 2109 1368 2153 sua
1410 2088 1796 2152 liberalitate
1841 2087 2171 2152 concessit

245 2196 367 2241 nec
428 2179 553 2260 est,
623 2175 796 2260 quod
856 2176 937 2241 iis
998 2179 1334 2261 praeterea
1393 2196 1632 2263 magno
1697 2197 1890 2261 opere
1950 2176 2167 2261 possit

247 2263 461 2349 adimi,
505 2264 799 2349 reditum,
844 2265 900 2329 si
943 2286 1046 2329 me
1089 2268 1349 2330 tansum
1384 2286 1583 2349 amas,
1627 2269 1939 2350 quantum
1984 2268 2165 2330 certe

247 2374 454 2438 amas,
505 2353 877 2419 hominibus
933 2353 1203 2438 confice,
1254 2354 1327 2418 in
1372 2375 1527 2438 quo
1543 2354 1709 2419 nihil
1763 2358 1862 2420 est
1904 2358 2167 2439 praeter

246 2442 420 2507 viam
463 2443 756 2528 longam,
802 2464 996 2527 quam
1038 2442 1277 2508 idcirco
1322 2463 1459 2507 non
1501 2443 1796 2529 fugiunt,
1838 2445 1915 2508 ut
1956 2446 2023 2508 et
2067 2445 2163 2508 vi-

244 2535 407 2597 vant
451 2552 598 2597 cum
644 2531 776 2597 suis
822 2534 889 2596 et
930 2532 1293 2596 moriantur
1337 2532 1537 2596 domi:
1584 2531 1756 2617 quod
1800 2533 1877 2598 ut
1910 2532 2162 2599 enitare

248 2620 726 2704 contendasque
771 2620 875 2685 vel
917 2621 1134 2705 potius
1179 2622 1255 2686 ut
1296 2620 1591 2710 perficias
1627 2656 1713 2669 -
1749 2641 1939 2706 posse
1985 2623 2163 2687 enim

245 2712 311 2775 te
365 2710 526 2775 mihi
586 2709 877 2794 persuasi
923 2744 1008 2756 -
1022 2760 1042 2794 ,
1101 2710 1515 2776 vehementer
1574 2712 1641 2775 te
1706 2710 1901 2776 etiam
1964 2714 2159 2797 atque

245 2799 442 2865 ctiam
485 2818 666 2885 rog0.

388 3025 491 3094 Ep.
526 3031 608 3093 13,
639 3032 686 3080 3.
760 3042 925 3095 quum
959 3025 1264 3095 municipio
1301 3026 1410 3093 (W.
1451 3029 1508 3081 eb
1534 3027 1755 3096 Klotz).
1829 3042 1950 3081 cum
1984 3044 2053 3081 m.
2084 3028 2157 3082 M.

248 3099 365 3150 twm
399 3113 547 3151 mun.
585 3096 773 3169 vulgo.
846 3103 897 3152 4.
951 3097 1026 3153 iis
1063 3096 1267 3154 Caesar
1304 3097 1457 3169 (On).
1529 3098 1615 3154 his
1651 3098 1710 3154 0.
1748 3096 1842 3167 M„
1878 3097 2065 3168 vulgo.
