2338 3691
263 117 392 182 302
826 117 903 172 Μ.
941 115 1189 172 TULLII
1224 115 1609 172 CICERONIS

1155 366 1271 434 VI.

520 479 635 536 Scr.
671 479 884 536 Romae
919 478 1068 534 XIII.
1105 479 1231 533 Kal.
1269 480 1491 550 Apriles
1530 496 1579 534 a.
1617 497 1672 535 u.
1710 497 1757 536 c.
1797 486 1917 536 711.

919 603 1177 660 CICERO
1215 603 1520 660 PLANCO.

396 702 572 779 Quae
616 704 872 770 Iocutus
927 708 1027 770 est
1068 703 1351 770 Furnius
1406 708 1627 770 noster
1671 704 1749 770 de
1796 705 2012 770 animo
2057 708 2168 770 tuo

159 854 163 860 .
261 793 334 856 in
397 814 535 857 rem
595 792 950 878 publicam,
1013 815 1090 858 ea
1153 794 1522 879 gratissima
1582 794 1850 859 fuerunt
1905 793 2169 877 senatui,

260 881 503 965 populo
539 880 837 947 Romano
873 882 1354 967 probatissima3
1399 903 1563 967 quae
1611 887 1826 948 autem
1870 883 2168 948 recitatae

260 969 514 1035 litterae
559 973 714 1035 sunt
756 969 826 1034 in
872 974 1120 1056 senatu,
1164 993 1573 1055 nequaquam
1619 972 1983 1037 consentire
2028 992 2167 1036 cum

260 1056 489 1123 Furnii
533 1059 827 1124 oratione
871 1059 1046 1124 visae
1093 1063 1274 1143 sunt3
1317 1061 1496 1145 pacis
1534 1060 1705 1125 enim
1743 1064 1971 1126 auctor
2015 1081 2169 1142 eras,

263 1169 461 1230 quum
514 1148 764 1233 collega
815 1151 994 1232 tuus,
1055 1149 1154 1214 vir
1213 1148 1629 1232 clarissimus,
1691 1170 1731 1213 a
1782 1148 2169 1214 foedissimis

259 1236 620 1302 latronibus
666 1236 1084 1320 obsideretur,
1129 1237 1241 1321 qui
1287 1240 1401 1301 aut
1434 1237 1663 1321 positis
1709 1238 1905 1302 armis
1951 1258 2169 1322 pacem

259 1328 478 1409 petere
542 1325 780 1390 debent
841 1328 980 1410 aut,
1052 1325 1108 1389 si
1169 1329 1538 1411 pugnantes
1602 1347 1746 1391 eam
1817 1327 2169 1410 postulant,

259 1414 528 1479 victoria
572 1436 726 1499 pax,
779 1435 916 1480 non
959 1413 1259 1498 pactione
1304 1414 1616 1498 parienda
1670 1417 1786 1479 est.
1890 1414 2040 1498 Sed,
2092 1413 2166 1477 de

258 1523 416 1587 pace
459 1503 714 1567 litterae
768 1503 871 1569 vel
916 1501 1143 1587 Lepidi
1195 1503 1298 1567 vel
1342 1507 1492 1567 tuae
1547 1525 1742 1587 quam
1795 1504 1866 1567 in
1922 1506 2166 1589 partem

261 1594 558 1675 acceptae
605 1592 763 1675 sint,
808 1614 886 1656 ex
928 1591 1067 1656 viro
1115 1591 1381 1676 optimo,
1423 1592 1624 1656 fratre
1669 1595 1812 1675 tuo,
1865 1595 1937 1656 et
1981 1614 2059 1656 ex
2102 1588 2166 1654 C.

257 1677 502 1744 Furnio
547 1680 791 1764 poteris
837 1701 1241 1766 cognoscere.
1332 1678 1437 1744 Me
1493 1684 1709 1744 autem
1762 1681 2027 1765 impulit
2074 1678 2170 1743 tui

259 1768 520 1853 caritas,
573 1771 673 1852 ut,
727 1790 1118 1854 quamquam
1162 1790 1282 1833 nec
1334 1769 1456 1832 tibi
1498 1769 1625 1854 ipsi
1679 1769 2022 1834 consilium
2067 1768 2166 1832 de-

260 1860 431 1921 esset
493 1859 560 1921 et
619 1856 840 1922 fratris
901 1856 1253 1942 Furniique
1325 1858 1775 1923 benevolentia
1836 1858 2167 1942 fidelisque

258 1944 605 2030 prudentia
654 1945 775 2010 tibi
828 1951 1087 2031 praesto
1143 1950 1314 2012 esset
1364 1947 1611 2031 futura,
1663 1948 1900 2013 vellem
1952 1951 2166 2012 tamen

258 2046 438 2097 meae
484 2055 737 2118 quoque
791 2035 1193 2100 auctoritatis
1245 2057 1363 2120 pro
1417 2036 1712 2120 plurimis
1764 2037 2008 2102 nostris
2060 2056 2164 2098 ne-

259 2122 754 2188 cessitudinibus
798 2127 1213 2208 praeceptum
1266 2124 1347 2188 ad
1391 2127 1457 2189 te
1504 2125 1763 2209 aliquod
1817 2124 2165 2210 pervenire.

259 2209 461 2276 Crede
505 2212 708 2297 igitur
750 2212 928 2296 mihi,
972 2212 1227 2296 Plance,
1273 2234 1514 2297 omnes,
1558 2235 1720 2297 quos
1766 2214 1979 2279 adhuc
2025 2233 2162 2298 gra·

190 2308 194 2313 '
259 2299 381 2379 dus
425 2300 760 2386 dignitatis
807 2305 1188 2366 consecutus
1241 2301 1329 2365 sis
1376 2338 1461 2348 —
1509 2322 1577 2366 es
1623 2306 1839 2367 autem
1895 2303 2164 2387 adeptus

258 2389 689 2473 amplissimos
735 2426 847 2474 —,
901 2412 1011 2456 eos
1072 2387 1397 2455 honorum
1453 2391 1767 2455 vocabula
1810 2390 2164 2471 habituros,

256 2499 394 2542 non
438 2478 774 2564 dignitatis
818 2478 1120 2565 insignia,
1164 2479 1291 2543 nisi
1326 2482 1392 2543 te
1429 2500 1577 2543 cum
1610 2479 1907 2544 libertate
1944 2478 2165 2564 populi

255 2565 537 2631 Romani
609 2571 675 2632 et
737 2589 884 2632 cum
956 2570 1219 2633 senatus
1285 2567 1668 2632 auctoritate
1740 2566 2163 2632 coniunxeris.

258 2653 538 2742 Seiunge
581 2659 674 2740 te,
729 2678 995 2740 quaeso,
1040 2656 1388 2740 aliquando
1444 2656 1526 2720 ab
1579 2656 1686 2740 iis,
1739 2677 1886 2721 oum
1934 2654 2162 2741 quibus

255 2747 321 2809 te
367 2766 503 2810 non
555 2747 741 2809 tuum
794 2744 1126 2828 iudicium,
1182 2745 1295 2809 sed
1339 2748 1705 2829 temporum
1748 2745 1963 2810 vincla
2017 2764 2161 2808 con-

254 2833 622 2898 iunxerunt.
694 2830 1071 2918 Complures
1106 2834 1178 2897 in
1213 2834 1697 2917 perturbatione
1742 2834 1836 2898 rei
1870 2832 2162 2918 publicae

256 2924 627 2987 consulares
683 2921 862 3006 dicti,
917 2943 1191 3006 quorum
1247 2943 1437 2987 nemo
1494 2922 1848 2987 consularis
1902 2921 2159 2986 habitus

257 3015 346 3074 est
385 3012 512 3075 nisi
558 3011 668 3095 qui
714 3011 930 3076 animo
976 3011 1225 3076 exstitit
1267 3011 1337 3075 in
1382 3032 1518 3076 rem
1570 3011 1893 3096 publicam
1939 3028 2160 3074 consu-

257 3098 393 3162 lari.
485 3098 708 3163 Talem
752 3099 952 3184 igitur
994 3102 1060 3164 te
1105 3120 1244 3164 esse
1292 3102 1575 3184 oportet,
1619 3100 1729 3184 qui
1772 3099 2049 3183 primum
2096 3098 2161 3158 te

259 3184 340 3248 ab
393 3186 737 3270 impiorum
791 3188 1025 3253 civium
1085 3188 1183 3252 tui
1239 3188 1806 3253 dissimillimorum
1858 3185 2159 3251 societate

256 3391 505 3534 vulgglp.
545 3400 601 3459 6,
642 3400 690 3448 1.
768 3398 1012 3465 senatui,
1051 3399 1265 3468 populo
1307 3396 1379 3454 R.
1425 3398 1557 3470 (Μ.).
1646 3414 1691 3454 s.
1736 3396 2046 3468 populoque
2089 3389 2159 3445 R.
