2338 3691
649 96 1167 152 EPISTOLARUM
1205 97 1274 151 11.
1316 103 1365 152 9.
1407 102 1490 151 10.
1947 95 2036 159 45

934 346 1112 415 ‚X-

164 455 251 511 801.
282 456 336 512 111
370 460 563 529 eastris
610 460 691 516 ad
724 459 1118 515 Pindenissum
1158 459 1305 586 ξό3ᾶ.
1352 459 1526 514 XVII.
1574 457 1697 514 Kal.
1747 457 2038 514 Decembr.

887 548 936 585 a.
976 550 1029 585 u.
1070 548 1117 586 0.
1266 572 1278 584 .

213 651 274 706 Μ.
301 652 550 709 CICERO
583 654 738 709 IMP.
768 653 822 708 S.
852 653 918 708 D.
946 655 1021 710 M.
1052 653 1315 709 CAELIO
1343 654 1596 708 AEDILI
1623 652 1783 709 CUR.
1813 652 1967 708 DES.

266 753 354 818 Tu
395 755 569 840 vide,
627 776 827 840 quam
872 755 954 819 ad
999 776 1102 819 me
1145 753 1401 820 litterae
1446 775 1582 820 non
1634 754 2046 839 perferantur
2084 765 2111 813 1

164 876 227 887 -
258 863 381 907 non
415 844 591 908 enim
629 865 899 929 possum
935 843 1185 928 adduci,
1227 847 1304 908 ut
1341 844 1457 908 abs
1492 846 1577 927 te,
1622 846 2046 927 posteaquam

161 931 344 996 aedilis
405 955 472 997 es
535 932 786 1018 faetus,
848 933 1061 998 nullas
1114 934 1339 1016 putem
1394 932 1577 996 datas
1586 983 1605 1016 ‚
1665 933 2045 1016 praesertim

162 1040 324 1102 quum
378 1025 549 1086 esset
603 1025 797 1086 tanta
849 1043 951 1086 res
1005 1025 1229 1086 tantae
1284 1021 1763 1107 gratulationis:
1829 1021 1907 1086 de
1960 1025 2045 1105 te,

160 1109 304 1193 quia,
362 1111 534 1195 quod
602 1110 973 1196 sperabam,
1053 1110 1131 1174 de
1194 1108 1373 1175 Hillo
1430 1145 1514 1157 —
1567 1110 1800 1176 balbus
1871 1109 2045 1174 enim

160 1217 273 1260 sum
311 1234 392 1246 —
402 1200 649 1284 ‚quod
703 1221 840 1264 non
900 1202 1202 1300 putaram
1256 1222 1370 1283 -3
1424 1198 1605 1283 atqui
1658 1199 1751 1264 sie
1802 1199 2043 1264 habeto

158 1286 367 1352 nullam
417 1310 523 1352 me
575 1287 921 1373 epistolam
978 1288 1298 1372 accepisse
1350 1290 1535 1351 tuam
1587 1290 1739 1371 post
1782 1287 2047 1352 comitia

160 1373 258 1438 ista
296 1378 658 1461 praeclara,
704 1398 868 1461 quae
913 1398 1016 1441 me
1060 1377 1310 1440 laetitia
1355 1377 1748 1460 extulerunt,
1794 1397 1872 1440 ex
1917 1396 2044 1460 quo

161 1483 372 1548 vereor,
414 1488 499 1530 ne
544 1465 726 1530 idem
772 1465 1028 1530 eveniat
1079 1465 1150 1529 in
1195 1486 1372 1530 meas
1415 1465 1693 1529 litteras,
1751 1464 2047 1549 equidem

162 1571 477 1638 numquam
525 1555 795 1619 domum
838 1554 987 1619 misi
1030 1576 1230 1619 unam
1270 1554 1629 1639 epistolam,
1675 1553 1834 1638 quin
1878 1556 2048 1618 esset

160 1640 225 1704 ad
261 1645 320 1707 te
361 1644 601 1728 altera,
659 1665 779 1707 nee
832 1643 994 1707 mihi
1046 1646 1149 1707 est
1190 1646 1256 1708 te
1300 1642 1643 1708 iucundius
1699 1643 2047 1728 quidquam

159 1750 258 1794 1100
302 1734 523 1798 carius.
640 1729 766 1797 Sed
812 1768 896 1778 —
942 1731 1120 1796 balbi
1172 1753 1311 1796 non
1374 1753 1595 1797 sumus
1642 1767 1726 1779 —
1773 1732 1856 1797 ad
1910 1754 2048 1796 rem
2083 1747 2115 1796 2

159 1818 477 1888 redeamus.
553 1824 645 1886 Ut
681 1821 942 1906 optasti,
984 1821 1080 1885 ita
1115 1824 1241 1906 est3
1286 1820 1482 1887 velles
1519 1820 1710 1907 enim,
1755 1821 1876 1906 ais,
1903 1824 2047 1887 tan-

157 1910 271 1974 tum
310 1911 503 1978 modo
551 1914 631 1975 ut
672 1909 980 1975 haberem
1023 1870 1299 1996 negotii,
1345 1911 1516 1995 quod
1563 1914 1732 1976 esset
1784 1910 1868 1975 ad
1910 1911 2047 1976 lau·

157 1999 368 2065 reolam
430 2000 623 2085 satis,
688 1998 967 2065 Parthos
1029 2000 1248 2084 times,
1320 2000 1473 2083 quia
1544 1999 1782 2064 diffidis
1845 2000 2048 2084 copiis

155 2089 382 2155 nostris.
454 2088 641 2174 Ergo
686 2088 781 2153 ita
826 2087 1082 2153 accidit.
1127 2110 1283 2153 nam
1317 2086 1621 2154 Parthico
1667 2088 1837 2154 bello
1882 2110 2046 2153 nun·

157 2173 292 2242 tiato
332 2179 637 2244 locorum
680 2176 1066 2262 quibusdam
1109 2176 1430 2263 angustiis
1477 2180 1544 2242 et
1587 2180 1823 2241 natura
1865 2199 2047 2242 mon·

156 2263 294 2330 tium
353 2267 566 2332 fretus
631 2265 713 2331 ad
788 2264 1116 2331 Amanum
1179 2267 1528 2331 exercitum
1592 2266 1828 2332 adduxi
1892 2268 2048 2332 satis

158 2354 330 2434 probe
376 2359 685 2422 ornatum
730 2355 982 2420 auxiliis
1019 2359 1086 2420 et
1121 2355 1400 2441 quadam
1447 2355 1831 2421 auctoritate
1877 2356 2049 2440 apud

158 2460 263 2527 eos,
308 2444 419 2546 qui
466 2466 570 2509 1110
615 2465 753 2509 11011
795 2448 1053 2529 norant,
1097 2444 1380 2510 nominis
1425 2445 1634 2510 nostri
1661 2480 1745 2491 -—
1772 2446 2051 2509 multum

158 2533 239 2593 est
278 2534 453 2597 enim
498 2533 568 2597 in
610 2532 713 2598 his
757 2533 945 2599 loeis:
998 2495 1249 2619 »11101110
1294 2537 1394 2599 est
1437 2534 1572 2618 ille,
1627 2533 1749 2636 qui·
1781 2532 2049 2599 urbem?

159 2637 324 2700 quem
368 2620 716 2686 senatus?“
759 2621 935 2687 nosti
972 2625 1186 2687 cetera
1205 2646 1316 2707 —3
1362 2645 1561 2706 quum
1604 2622 1922 2688 venissem
1969 2621 2049 2685 ad

156 2704 491 2796 Amanum,
556 2710 666 2796 qui
718 2732 907 2775 mons
970 2711 1130 2775 mihi
1194 2733 1340 2777 eum
1394 2710 1630 2776 Bibulo
1692 2710 2051 2776 eommunis

160 2799 239 2859 est
279 2798 521 2863 divisus
567 2821 880 2884 aquarum
927 2800 1238 2885 divortiis,
1282 2798 1542 2865 Cassius
1586 2804 1834 2883 noster,
1879 2798 2052 2883 quod

157 2885 295 2950 mihi
338 2909 615 2974 magnae
669 2887 989 2972 voluptati
1032 2888 1187 2974 fuit,
1239 2889 1515 2954 feliciter
1559 2889 1642 2954 ab
1686 2886 2052 2953 Antiochea

296 3096 400 3167 Ep.
440 3104 532 3167 1o,·
554 3105 602 3153 1.
676 3099 823 3168 perf.
863 3127 932 3139 —-
967 3115 1132 3154 non.
1194 3106 1507 3169 ‚putaram
1544 3118 1645 3165 —-,·
1698 3099 1856 3169 atqui
1900 3098 2050 3165 (ΨΜ)

160 3177 230 3227 Ρη·
260 3182 419 3223 non.
477 3174 804 3240 ‚putwam
906 3170 1086 3241 Atqui
1117 3140 1307 3241 vulgo.
1355 3202 1425 3210 —
1472 3187 1592 3224 sum
1618 3200 1686 3210 —
1714 3170 1874 3239 quia,
1909 3169 2055 3237 quod

162 3247 258 3288 non
291 3238 457 3310 (W.)?
503 3271 575 3281 —
621 3243 813 3297 sed—
849 3242 1001 3297 balbi
1034 3257 1149 3296 non
1192 3257 1478 3296 sumus-
1505 3242 1582 3295 ad
1626 3239 1777 3307 (01..)
1866 3240 1959 3292 sed
2004 3238 2051 3290 b.

162 3320 257 3359 ’um
293 3324 367 3362 8.:
398 3313 474 3366 ad
507 3311 569 3367 B.
608 3342 677 3352 —
713 3313 778 3367 in
810 3312 945 3368 meis
980 3313 1177 3367 litteris
1214 3310 1503 3379 (Martyni-
1507 3310 1704 3380 Lag.)?
1777 3315 1826 3361 2.
1877 3306 2055 3360 nostri

161 3403 219 3414 ἡ
242 3381 508 3438 multum.
565 3389 745 3438 .ceter
747 3401 784 3439 a
817 3415 915 3450 —‚
909 3400 1125 3453 ·quum
1161 3382 1315 3451 (W.)
1414 3382 1606 3435 nostri.
1682 3379 1932 3432 Multum
1970 3413 1981 3427 .
2005 3413 2019 3426 .
2040 3412 2053 3426 .

163 3451 334 3503 cetera.
405 3423 585 3523 ρααῖηἱ
620 3455 810 3526 vulgo
