2338 3691
743 147 1262 203 EPISTOLARUM
1298 148 1419 204 x11.
1463 157 1506 203 1.
1546 156 1594 205 2.
1997 150 2125 214 379

193 291 565 375 periculum
612 314 749 359 non
784 294 1147 379 extimesco,
1189 295 1384 360 modo
1421 295 1618 360 vestri
1653 295 1813 360 facti
1853 296 2128 381 gloriam

205 401 361 445 cum
405 402 548 446 mea
592 382 782 447 laude
842 383 1288 448 communicet.
1384 383 1488 448 Ita
1540 405 1660 449 nec
1714 383 1962 470 Pisoni,
2018 386 2129 470 qui

206 469 280 532 in
327 490 474 535 eum
527 471 774 555 primus
827 472 1120 537 invectus
1175 475 1277 537 est
1317 474 1498 538 nullo
1544 473 1963 559 assentiente,
2008 495 2128 539 nec
2213 543 2218 549 ,

208 557 392 643 mihi,
437 560 547 642 qui
591 560 762 624 idem
805 561 1128 626 tricesimo
1174 565 1326 645 post
1371 561 1472 626 die
1517 562 1660 647 feci,
1704 582 1823 626 nec
1866 560 1938 627 P.
1983 560 2127 628 Ser-

206 646 394 732 vilio,
448 648 558 731 qui
622 670 724 713 me
778 653 878 714 est
922 653 1332 734 consecutae,
1376 654 1519 716 tuto
1565 651 1637 715 in
1682 654 1977 716 senatum
2021 673 2126 717 ve-

207 735 353 800 nire
408 736 584 821 licet3
640 738 898 802 caedem
961 739 1134 803 enim
1190 738 1512 824 gladiator
1566 739 1819 823 quaerit
1863 740 2125 824 eiusque

204 824 471 889 initium
518 847 573 890 a.
620 826 679 891 d.
723 844 864 892 xm.
910 827 1054 892 Kal.
1109 825 1369 892 Octobr.
1432 850 1472 892 a
1515 849 1617 892 me
1682 850 1748 892 se
1801 828 2127 894 facturum

208 914 494 999 putavit,
548 916 630 980 ad
687 938 877 1000 quem
940 921 1208 1001 paratus
1260 920 1551 1000 venerat,
1607 938 1805 1000 quum
1857 917 1927 981 in
1973 918 2127 982 villa

210 999 461 1066 Metelli
525 1005 884 1089 complures
949 1004 1084 1069 dies
1148 1008 1622 1070 commentatus
1694 1009 1889 1089 esset:
1963 1028 2126 1090 quae

210 1093 433 1155 autem
495 1092 566 1156 in
628 1093 848 1158 lustris
913 1097 980 1158 et
1040 1094 1112 1158 in
1174 1095 1326 1159 vino
1392 1095 1847 1159 commentatio
1911 1096 2128 1178 potuit

211 1179 398 1244 esse?
470 1181 686 1266 itaque
751 1183 1053 1248 omnibus
1114 1185 1215 1247 est
1277 1183 1479 1267 visus,
1542 1187 1617 1247 ut
1678 1183 1760 1247 ad
1814 1186 1879 1247 te
1933 1187 2126 1248 antea

214 1268 461 1355 scripsi,
504 1293 761 1337 vomere
807 1293 924 1337 suo
970 1292 1167 1355 more,
1211 1293 1344 1336 non
1383 1272 1609 1337 dicere.
1681 1270 1909 1356 Quare,
1955 1273 2126 1355 quod
2163 1279 2198 1329 2

215 1357 441 1423 scribis
486 1362 553 1423 te
598 1360 917 1426 confidere
954 1360 1339 1426 auctoritate
1386 1364 1451 1425 et
1488 1360 1857 1444 eloquentia
1900 1364 2127 1425 nostra

213 1447 458 1530 aliquid
503 1449 728 1533 profici
772 1471 990 1534 posse,
1043 1449 1369 1533 nonnihil,
1423 1453 1497 1516 ut
1548 1450 1620 1513 in
1672 1449 1874 1514 tantis
1919 1450 2127 1535 malis,

212 1538 316 1599 est
377 1537 765 1621 profectum3
833 1539 1144 1624 intelligit
1214 1538 1387 1603 enim
1450 1538 1726 1623 populus
1790 1537 2125 1604 Romanus

213 1627 349 1688 tres
393 1645 533 1691 esse
579 1629 976 1713 consulares,
1021 1628 1159 1712 qui,
1205 1627 1374 1711 quia,
1429 1648 1586 1709 quae
1630 1627 1708 1691 de
1751 1648 1822 1691 re
1866 1627 2125 1711 publica

215 1712 381 1778 bene
425 1716 771 1802 senserint,
821 1717 1022 1781 libere
1065 1717 1267 1782 locuti
1314 1717 1470 1801 sint,
1522 1719 1667 1780 tuto
1712 1716 1783 1780 in
1828 1719 2125 1794 senatum

216 1803 433 1868 venire
479 1826 616 1871 non
660 1805 931 1892 possint.
1003 1804 1141 1871 Nec
1188 1808 1289 1870 est
1332 1808 1681 1891 praeterea,
1727 1805 1897 1890 quod
1945 1805 2124 1890 quid·

213 1913 412 1975 quam
475 1898 831 1980 exspectes3
892 1900 1044 1960 tuus
1109 1896 1282 1959 enim
1344 1895 1743 1960 necessarius
1806 1894 2124 1959 affinitate

214 2002 388 2046 nova
424 1982 800 2049 delectatur:
847 1985 1066 2068 itaque
1104 1985 1237 2049 iam
1273 2005 1408 2048 non
1443 1986 1544 2048 est
1579 1983 1905 2048 studiosus
1945 1984 2124 2048 ludo-

214 2092 363 2134 rum
407 2070 788 2157 infinitoque
831 2073 1051 2138 fratris
1096 2073 1194 2138 tui
1239 2074 1470 2158 plausu
1507 2072 1918 2156 dirumpitur:
1964 2073 2163 2137 alter.

212 2157 374 2223 item
429 2160 645 2225 affinis
697 2162 885 2227 novis
939 2162 1416 2227 commentariis
1462 2158 1754 2226 Caesaris
1809 2160 2125 2225 delenitus

214 2251 334 2311 est.
408 2246 532 2315 Sed
567 2250 729 2315 haec
763 2251 1149 2317 tolerabilia:
1195 2250 1355 2315 illud
1388 2272 1526 2315 non
1559 2249 1914 2333 ferendum,
1954 2249 2126 2333 quod

213 2340 336 2419 est,
380 2338 490 2422 qui
533 2343 748 2405 vestro
795 2361 967 2405 anno
1003 2340 1210 2404 filium
1246 2360 1434 2404 suum
1470 2339 1799 2403 consulem
1833 2338 2126 2402 futurum

215 2428 404 2509 putet
449 2427 533 2492 ob
580 2449 847 2513 eamque
893 2450 1151 2494 causam
1210 2450 1277 2493 se
1321 2427 1474 2492 huic
1524 2427 1765 2492 latroni
1810 2426 2125 2491 deservire

215 2536 371 2597 prae
409 2536 476 2580 se
511 2516 698 2582 ferat.
766 2516 941 2582 Nam
975 2517 1047 2582 L.
1077 2516 1286 2600 Cotta,
1326 2515 1661 2581 familiaris
1696 2536 1896 2600 meus,
1940 2514 2127 2580 fatali
2161 2528 2195 2577 3

216 2603 496 2685 quadam
559 2606 1031 2690 desperatione,
1102 2609 1178 2671 ut
1240 2606 1358 2690 ait,
1419 2605 1633 2669 minus
1693 2604 1766 2669 in
1828 2607 2125 2668 senatum

217 2692 418 2775 venit3
472 2693 545 2759 L.
591 2692 854 2778 Caesar,
908 2696 1190 2780 optimus
1236 2698 1302 2759 et
1344 2694 1736 2759 fortissimus
1781 2691 1964 2776 civis,
2017 2713 2124 2755 va-

215 2780 500 2847 letudine
543 2783 919 2868 impeditur3
964 2782 1096 2849 Ser.
1142 2781 1461 2867 Sulpicius
1507 2786 1574 2847 et
1612 2802 1864 2846 summa
1908 2783 2124 2845 aucto-

206 2869 407 2936 ritate
461 2874 529 2937 et
582 2873 823 2957 optime
879 2873 1164 2938 sentiens
1218 2894 1355 2938 non
1416 2872 1625 2953 adest3
1685 2869 1968 2953 reliquos
2022 2889 2124 2933 ex-

212 2959 419 3043 ceptis
465 2959 820 3046 designatis
864 2961 1129 3047 ignosce
1175 2960 1337 3025 mihi
1382 2960 1438 3024 si
1481 2981 1618 3025 non
1662 2978 1929 3023 numero
1976 2978 2125 3023 con-

202 3048 478 3114 sulares.
566 3049 788 3115 Habes
853 3054 1146 3116 auctores
1201 3048 1454 3114 consilii
1505 3048 1771 3132 publici:
1837 3045 1947 3130 qui
2008 3068 2126 3110 nu-

211 3158 429 3203 merus
474 3137 673 3204 etiam
717 3139 907 3204 bonis
943 3139 1136 3204 rebus
1174 3138 1443 3223 exiguus
1481 3139 1669 3220 esset,
1714 3134 1866 3219 quid
1902 3156 2126 3200 censes

210 3226 528 3310 perditis?
576 3249 773 3311 quare
821 3249 967 3312 spes
1012 3230 1115 3292 est
1159 3227 1370 3291 omnis
1414 3226 1484 3289 in
1528 3224 1732 3307 vobis,
1777 3223 1888 3307 qui
1935 3225 1990 3287 si
2032 3222 2126 3287 id-

210 3315 383 3381 circo
431 3316 690 3401 abestiS,
734 3320 810 3382 ut
854 3317 994 3381 sitis
1038 3316 1111 3380 in
1155 3318 1326 3398 tuto,
1370 3335 1452 3377 ne
1497 3314 1569 3377 in
1611 3312 1796 3378 vobis
1844 3312 2126 3411 quidern:

211 3404 315 3468 sin
370 3403 614 3489 aliquid
668 3405 940 3491 dignum
991 3405 1209 3470 vestra
1271 3402 1479 3489 gloria
1543 3400 1844 3486 cogitatis
1854 3448 1871 3481 ,
1933 3398 2125 3463 vehm

212 3493 408 3557 salvis
454 3493 670 3579 nobis;
726 3495 828 3559 sin
871 3494 938 3558 id
984 3493 1198 3558 minus
1209 3542 1226 3575 ,
1279 3511 1381 3555 res
1436 3494 1656 3553 tamen
1699 3486 1956 3570 publica
2011 3503 2127 3565 per
