2338 3691
835 165 1352 243 Ems'ropARUM
1388 167 1429 221 1.
1471 173 1518 221 ⁷.
2055 167 2132 229 11

208 312 442 397 potius
487 311 809 396 sapientia
852 333 987 379 non
1031 311 1313 377 iucunda
1358 313 1584 395 solum,
1631 310 1741 375 sed
1787 310 1982 375 etiam
2028 311 2137 374 ad-

210 401 536 465 mirabilis
583 401 723 465 visa
769 404 892 485 est3
945 401 1154 466 virum
1210 401 1382 465 enim
1437 399 1853 465 excellentem
1907 402 1974 464 et
2015 399 2138 463 tibi

210 494 337 553 tua
381 489 742 572 praestanti
795 490 865 553 in
918 511 1065 553 eum
1117 489 1507 554 liberalitate
1562 487 1928 552 devinctum
1973 509 2137 552 non-

211 577 387 642 nihil
417 578 855 662 suspicantem
880 580 1145 662 propter
1185 578 1548 661 aliquorum
1586 576 1955 660 opinionem
1983 597 2136 641 suae

215 665 596 749 cupiditatis
651 669 718 730 te
765 665 846 730 ab
901 687 968 730 se
1025 666 1460 730 abalienatum
1513 665 1626 729 illa
1671 665 1942 749 epistola
1988 665 2137 729 reti-

216 755 458 839 nuisti,
520 754 633 837 qui
694 754 854 818 mihi
908 777 1107 838 quum
1171 776 1421 856 semper
1483 757 1633 818 tuae
1690 753 1868 817 laudi
1920 753 2136 817 favere

217 843 401 907 visus
449 846 565 926 est,
611 843 804 906 etiam
847 843 989 926 ipso
1036 842 1569 927 suspiciosissimo
1614 845 1903 925 tempore
1950 839 2137 905 Cani·

217 932 447 1015 niano,
489 934 630 995 tum
672 952 825 996 vero
870 932 1062 996 lectis
1096 932 1227 996 tuis
1271 931 1503 995 litteris
1540 933 1911 1014 perspectus
1956 933 2056 994 est
2100 951 2140 993 a

218 1040 328 1083 me
373 1022 516 1085 toto
564 1019 780 1084 animo
826 1019 903 1083 de
937 1023 1004 1084 te
1041 1040 1116 1084 ac
1153 1020 1231 1085 de
1268 1020 1397 1084 tuis
1437 1019 1831 1087 ornamentis
1869 1021 1935 1083 et
1969 1039 2138 1083 com-

219 1107 435 1173 modis
474 1108 776 1193 cogitare.
847 1106 1057 1183 Quare
1095 1130 1188 1192 ea,
1226 1129 1388 1192 quae
1426 1108 1719 1192 scribam,
1756 1107 1847 1171 sic
1881 1107 2139 1190 habeto,
2174 1116 2209 1166 4

221 1218 332 1260 me
378 1217 525 1260 cum
567 1196 681 1260 illo
727 1217 795 1260 re
842 1217 1031 1280 saepe
1077 1196 1549 1262 communicata
1606 1195 1684 1260 de
1727 1195 1901 1259 illius
1948 1195 2030 1259 ad
2072 1199 2140 1259 te

222 1285 554 1348 sententia
598 1287 790 1368 atque
837 1285 1218 1349 auctoritate
1260 1285 1560 1350 scribere:
1607 1284 1914 1369 quoniam
1958 1304 2140 1347 sena-

220 1376 334 1436 tus
398 1373 766 1438 consultum
827 1373 1077 1437 nullum
1140 1376 1376 1457 exstat,
1442 1394 1568 1456 quo
1623 1371 1911 1436 reductio
1969 1370 2140 1455 regis

230 1460 653 1525 Alexandrini
703 1460 827 1525 tibi
869 1460 1189 1545 adempta
1244 1463 1354 1546 sit,
1417 1481 1645 1544 eaque,
1710 1479 1874 1543 quae
1932 1457 2010 1523 de
2066 1481 2142 1522 ea

232 1550 591 1634 perscripta
637 1552 737 1613 est
781 1549 1155 1634 auctoritaS,
1201 1550 1304 1615 cui
1350 1549 1473 1614 scis
1518 1549 1939 1612 intercessum
1985 1568 2143 1632 esse,

228 1641 307 1701 ut
359 1659 440 1701 ne
495 1638 640 1722 quis
696 1638 957 1702 omnino
1011 1659 1233 1723 regem
1285 1637 1641 1721 reduceret,
1702 1639 1953 1700 tantam
2010 1636 2143 1700 vim

230 1725 445 1809 habet,
488 1730 567 1790 ut
609 1724 818 1810 ma'gis
870 1726 1184 1790 iratorum
1236 1726 1572 1792 hominum
1619 1724 1903 1789 studium
1948 1746 2143 1809 quam

231 1814 591 1880 constantis
637 1817 898 1880 senatus
945 1815 1284 1880 consilium
1328 1836 1467 1881 esse
1511 1814 1830 1898 videatur,
1883 1817 1949 1878 te
2001 1834 2142 1899 per-

229 1904 484 2057 {5323}
521 1901 2143 2078 {5⁸{z1dq03033213ff2023ssfflffi‘1u31{203303123

228 2084 365 2144 tem
399 2080 703 2145 habitura
738 2079 1048 2156 videatur
1080 2083 1157 2144 ut
1191 2080 1666 2145 Alexandream
1702 2082 1893 2163 atque
1930 2077 2142 2163 Aegy-

229 2173 417 2253 ptum
463 2172 680 2233 tenere
725 2169 961 2253 possis,
1015 2190 1153 2233 esse
1210 2172 1275 2233 et
1316 2172 1467 2233 tuae
1524 2171 1589 2233 et
1640 2167 1848 2232 nostri
1891 2166 2145 2251 imperii

230 2257 572 2341 dignitatis
633 2256 1030 2322 Ptolemaide
1101 2259 1218 2321 aut
1290 2257 1505 2341 aliquo
1568 2256 1932 2341 propinquo
1998 2255 2144 2319 loco

229 2366 384 2430 rege
431 2346 745 2410 collocato
800 2348 864 2410 te
920 2366 1065 2409 cum
1119 2346 1322 2410 classe
1380 2348 1571 2429 atque
1627 2344 1906 2409 exercitu
1951 2343 2143 2427 profi-

230 2434 386 2498 cisci
421 2433 913 2518 Alexandream,
946 2437 1037 2517 ut,
1079 2455 1222 2497 eam
1258 2456 1456 2519 quum
1491 2453 1649 2518 pace
1684 2430 2143 2517 praesidiisque

231 2522 528 2606 firmaris,
570 2522 978 2586 Ptolemaeus
1022 2521 1243 2586 redeat
1284 2523 1355 2586 in
1391 2542 1691 2607 regnum3
1732 2520 1828 2584 ita
1869 2520 2027 2603 fore,
2071 2521 2147 2583 ut

232 2614 300 2675 et
346 2632 462 2693 per
501 2614 570 2674 te
612 2610 1017 2694 restituatur,
1069 2609 1605 2694 quemadmodum
1652 2612 1912 2674 senatus
1956 2607 2143 2671 initio

231 2699 510 2783 censuit,
563 2703 630 2763 et
674 2699 812 2763 sine
858 2698 1268 2763 multitudine
1313 2698 1680 2781 reducatur,
1735 2696 2143 2782 quemadmo-

233 2786 388 2850 dum
413 2787 710 2851 homines
737 2786 1023 2871 religiosi
1051 2785 1333 2871 Sibyllae
1369 2788 1621 2872 placere
1650 2748 1964 2850 dixerunt.
2019 2781 2146 2847 Sed
2183 2791 2216 2842 5

232 2874 393 2940 haec
439 2875 764 2940 sententia
818 2876 909 2939 sic
965 2878 1030 2939 et
1080 2875 1178 2939 illi
1232 2879 1298 2940 et
1349 2876 1538 2940 nobis
1591 2873 2014 2959 probabatur,
2070 2873 2147 2936 ut

158 3029 169 3042 ,
234 2984 311 3028 ex
367 2967 600 3028 eventu
663 2963 959 3029 homines
1023 2963 1101 3027 de
1154 2967 1270 3029 tuo
1334 2964 1603 3029 consilio
1669 2962 2146 3026 existimaturos

234 3050 620 3116 videremus:
692 3052 748 3116 si
802 3050 1158 3135 cecidisset,
1222 3055 1298 3115 ut
1349 3053 1646 3116 volumus
1711 3053 1776 3114 et
1807 3053 2148 3133 optamus,

235 3161 460 3205 omnes
511 3144 579 3204 te
634 3142 700 3205 et
753 3140 1078 3224 sapienter
1122 3143 1190 3204 et
1239 3139 1526 3223 fortiter,
1581 3138 1638 3202 si
1692 3137 1932 3222 aliquid
1980 3138 2148 3202 esset

235 3227 580 3311 offensum,
637 3228 895 3295 eosdem
938 3228 1086 3293 illos
1140 3231 1209 3293 et
1254 3228 1481 3311 cupide
1528 3229 1594 3291 et
1636 3230 1874 3296 temere
1919 3226 2146 3290 fecisse

376 3431 482 3506 ΕΡ.
522 3443 571 3503 1,
599 3442 651 3492 4.
713 3438 856 3506 reyis
883 3438 1042 3491 Alex.
1083 3437 1218 3506 (M.).
1282 3452 1330 3491 r.
1370 3399 1903 3505 [Alex.]K1eyn.,*B.
1934 3444 2146 3497 -per-

233 3507 446 3576 scripta
476 3507 577 3576 (W
579 3510 633 3578 .).
703 3510 911 3578 scripta
945 3508 1002 3561 M
1017 3507 1077 3561 B.

2209 3577 2251 3599 A
